<!DOCTYPE html><html xmlns:wairole="http://www.w3.org/2005/01/wai-rdf/GUIRoleTaxonomy#" xmlns:waistate="http://www.w3.org/2005/07/aaa" lang="en" xml:lang="en" class="dj_webkit dj_chrome dj_contentbox"><head> <meta http-equiv="Content-Type" content="text/html; charset=utf-8"> <title>All Skincare - Boots</title> <meta name="description" content="Shop All Skincare at Boots"> <meta name="keywords" content=""> <meta name="pageName" content="All Skincare - Boots"> <link rel="alternate" hreflang="en-ie" href="https://www.boots.ie/beauty/skincare/skincare-all-skincare"> <link rel="alternate" hreflang="en-gb" href="https://www.boots.com/beauty/skincare/skincare-all-skincare"> <link rel="canonical" href="https://www.boots.com/beauty/skincare/skincare-all-skincare"> <link rel="preconnect" href="//bootsuk.tt.omtrdc.net"> <link rel="dns-prefetch" href="//bootsuk.tt.omtrdc.net">  <link rel="stylesheet" href="https://www.boots.com/wcsstore/eBootsStorefrontAssetStore/css/boots/common.min.css" type="text/css"> <link rel="stylesheet" href="https://www.boots.com/wcsstore/eBootsStorefrontAssetStore/css/boots/algolia.min.css" type="text/css"> <!--[if IE 8]>
				<link rel="stylesheet" href="/wcsstore/eBootsStorefrontAssetStore/css/boots/commonIE8.min.css" type="text/css" />
			<![endif]--> <link rel="stylesheet" href="" type="text/css"> <meta name="CommerceSearch" content="storeId_11352"> <meta name="viewport" content="width=device-width,initial-scale=1,maximum-scale=1,user-scalable=no"> <link rel="apple-touch-icon" sizes="52x52" href="https://www.boots.com/wcsstore/eBootsStorefrontAssetStore/images/favicon/apple-touch-icon-52x52.png"> <link rel="apple-touch-icon" sizes="60x60" href="https://www.boots.com/wcsstore/eBootsStorefrontAssetStore/images/favicon/apple-touch-icon-60x60.png"> <link rel="apple-touch-icon" sizes="72x72" href="https://www.boots.com/wcsstore/eBootsStorefrontAssetStore/images/favicon/apple-touch-icon-72x72.png"> <link rel="apple-touch-icon" sizes="76x76" href="https://www.boots.com/wcsstore/eBootsStorefrontAssetStore/images/favicon/apple-touch-icon-76x76.png"> <link rel="apple-touch-icon" sizes="114x114" href="https://www.boots.com/wcsstore/eBootsStorefrontAssetStore/images/favicon/apple-touch-icon-114x114.png"> <link rel="apple-touch-icon" sizes="120x120" href="https://www.boots.com/wcsstore/eBootsStorefrontAssetStore/images/favicon/apple-touch-icon-120x120.png"> <link rel="apple-touch-icon" sizes="144x144" href="https://www.boots.com/wcsstore/eBootsStorefrontAssetStore/images/favicon/apple-touch-icon-144x144.png"> <link rel="apple-touch-icon" sizes="152x152" href="https://www.boots.com/wcsstore/eBootsStorefrontAssetStore/images/favicon/apple-touch-icon-152x152.png"> <link rel="apple-touch-icon" sizes="180x180" href="https://www.boots.com/wcsstore/eBootsStorefrontAssetStore/images/favicon/apple-touch-icon-180x180.png"> <link rel="icon" type="image/png" href="https://www.boots.com/wcsstore/eBootsStorefrontAssetStore/images/favicon/favicon-32x32.png" sizes="32x32"> <link rel="icon" type="image/png" href="https://www.boots.com/wcsstore/eBootsStorefrontAssetStore/images/favicon/android-chrome-192x192.png" sizes="192x192"> <link rel="icon" type="image/png" href="https://www.boots.com/wcsstore/eBootsStorefrontAssetStore/images/favicon/favicon-96x96.png" sizes="96x96"> <link rel="icon" type="image/png" href="https://www.boots.com/wcsstore/eBootsStorefrontAssetStore/images/favicon/favicon-16x16.png" sizes="16x16"> <link rel="manifest" href="https://www.boots.com/wcsstore/eBootsStorefrontAssetStore/images/manifest.json"> <link rel="mask-icon" href="https://www.boots.com/wcsstore/eBootsStorefrontAssetStore/images/favicon/safari-pinned-tab.svg" color="#283c81"> <link rel="shortcut icon" href="https://www.boots.com/wcsstore/eBootsStorefrontAssetStore/images/favicon/favicon.ico"> <meta name="format-detection" content="telephone=no"> <meta name="apple-mobile-web-app-title" content="Boots"> <meta name="application-name" content="Boots"> <meta name="msapplication-TileColor" content="#ffffff"> <meta name="msapplication-TileImage" content="/wcsstore/eBootsStorefrontAssetStore/images/mstile-144x144.png"> <meta name="msapplication-config" content="/wcsstore/eBootsStorefrontAssetStore/images/browserconfig.xml"> <meta name="theme-color" content="#ffffff"> <script async="" src="//www.googletagmanager.com/gtm.js?id=GTM-W26C7Q2"></script><script async="" src="https://www.googletagmanager.com/gtm.js?id=GTM-W26C7Q2"></script><script type="text/javascript">var WCParamJS={storeId:"11352",catalogId:"28501",langId:"-1",pageView:"",orderBy:"",orderByContent:"","searchTerm":""},absoluteURL="https://www.boots.com/",imageDirectoryPath="/wcsstore/eBootsStorefrontAssetStore/",styleDirectoryPath="images/colors/color_boots/",supportPaymentTypePromotions=!1,subsFulfillmentFrequencyAttrName="fulfillmentFrequency",subsPaymentFrequencyAttrName="paymentFrequency",subsTimePeriodAttrName="timePeriod",storeNLS=null,storeUserType="G",ios=!1,android=!1,multiSessionEnabled=!1,inactivityTimeout=12e5,inactivityWarningDialogDisplayTimer=2e4,inactivityWarningDialogBuffer=3e4,inactivityTimeoutTracker=null,dialogTimeoutTracker=null;function getAbsoluteURL(){var e,t,r;return absoluteURL=""!=absoluteURL&&(r=t="",(t=-1!=(e=document.URL).indexOf("://")?e.substring(0,e.indexOf("://")):t)!=(r=-1!=absoluteURL.indexOf("://")?absoluteURL.substring(0,absoluteURL.indexOf("://")):r))?t+absoluteURL.substring(absoluteURL.indexOf("://")):absoluteURL}function getImageDirectoryPath(){return imageDirectoryPath}function getStyleDirectoryPath(){return styleDirectoryPath}</script> <script src="https://cdn.synthetix.com/penfield/prod/1.4.0b/js/core.min.js" async=""></script><script src="https://cdn.synthetix.com/FAQTAGENT-BOOTS-2021/penfield/0.0.2/js/sx_pres_functions.min.js" async=""></script><link rel="stylesheet" href="https://cdn.synthetix.com/penfield/prod/1.4.0b/css/sx_animate.min.css"><link rel="stylesheet" href="https://cdn.synthetix.com/penfield/prod/1.4.0b/css/sx_triggers_func.min.css"><link rel="stylesheet" href="https://cdn.synthetix.com/FAQTAGENT-BOOTS-2021/penfield/0.0.2/css/sx_triggers_pres.min.css"><link rel="stylesheet" href="https://cdn.synthetix.com/penfield/prod/1.4.0b/css/sx_frame_func.min.css"><link rel="stylesheet" href="https://cdn.synthetix.com/FAQTAGENT-BOOTS-2021/penfield/0.0.2/css/sx_frame_pres.min.css"><script data-react-helmet="true">(function () {
  const giftFinder = document.querySelector("#SkincareFinder-2024-container");
  const finderURLParams = { budget: "", concern: "" };

  const concernSelect = document.getElementById("concern");
  concernSelect.addEventListener("change", () => {
    selectedConcern();
  });

  const budgetButtons = giftFinder.querySelectorAll(".choice-button");
  [...budgetButtons].forEach((button) => {
    button.addEventListener("click", () => {
      selectBudget(button);
    });
  });

  const generateRandomId = () => {
    return Math.floor(100000000000 + Math.random() * 900000000000).toString();
  };

  const selectBudget = (selected) => {
    const prevBudget = finderURLParams.budget;
    [...budgetButtons].forEach((b) => {
      b.classList.remove("selected");
      b.ariaPressed = false;
    });
    if (!selected) return;
    selected.classList.add("selected");
    selected.ariaPressed = true;
    if (selected.dataset.budget) {
      finderURLParams.budget = selected.dataset.budget;
    } else {
      finderURLParams.budget = "";
    }
  };

  const generateFinderURL = () => {
    let budgetCriteria = finderURLParams.budget ? "&criteria.currentPrice=" + finderURLParams.budget : "";

    let concernCriteria =
      finderURLParams.concern === "all" || finderURLParams.concern === "" ? "" : "&criteria.product_type=" + finderURLParams.concern;

    let getParams = "";

    if (budgetCriteria) getParams += budgetCriteria;
    if (concernCriteria) getParams += concernCriteria;

    const giftFinderUrl = "/beauty/skincare/skincare-all-skincare?";

    return giftFinderUrl + getParams;
  };

  const cleanString = (str) => {
    return str
      .replace(/[+~]+/g, "-")
      .replace(/%3D/g, "")
      .replace(/-/g, "-")
      .toLowerCase()
      .replace(/\b\w/g, (l) => l.toUpperCase());
  };

  const updatePromoData = () => {
    const concern = cleanString(concernSelect.value);
    const budget = cleanString(finderURLParams.budget || "");

    const promoId = Math.floor(Math.random() * 1000000000000);
    const promoData = `${concern}-${budget}`;

    const findMyGiftLink = document.querySelector("#find-my-gift");
    findMyGiftLink.setAttribute("data-promo-id", promoId);
    findMyGiftLink.setAttribute("data-promo-name", "SkinCareFinder");
    findMyGiftLink.setAttribute("data-promo-creative", "Cat_GiftFinder|W999|#|2024-10-16");
    findMyGiftLink.setAttribute("data-promo-position", "Main|1|1");
    findMyGiftLink.setAttribute("data-promo-data", promoData);

    // console.log("Promo ID:", promoId);
    // console.log("Promo Data:", promoData);
  };

  document.querySelector("#find-my-gift").addEventListener("click", (event) => {
    const concernCleaned = cleanString(concernSelect.value);
    const budgetCleaned = cleanString(finderURLParams.budget || "");

    window.dataLayer = window.dataLayer || [];
    window.dataLayer.push({
      event: "plp_filter",
      facetPlacement: "banner_selector",
      page: {
        sortOption: "mostRelevant",
        listFormat: "grid",
        pageNumber: "1",
        facetsApplied: "concern|budget",
        facetValuesSelected: `${concernCleaned}|${budgetCleaned}`,
      },
    });

    // Generate URL and update promo data
    const giftFinderUrl = generateFinderURL();
    const findMyGiftLink = document.querySelector("#find-my-gift");
    findMyGiftLink.href = giftFinderUrl;

    updatePromoData();
  });

  const selectedConcern = () => {
    concernSelect.classList.add("selected");
    [...concernSelect.querySelectorAll(".removable")].forEach((rm) => rm.remove());
    finderURLParams.concern = concernSelect.value;
  };

  const giftFinderExpandable = document.querySelector(".GiftFinder-expandable");

  const expandGiftFinder = () => {
    giftFinder.classList.remove("collapsed");
  };

  giftFinderExpandable.addEventListener("click", expandGiftFinder);

  giftFinderExpandable.addEventListener("keydown", (event) => {
    if (event.key === "Enter" || event.key === " ") {
      event.preventDefault();
      expandGiftFinder();
    }
  });

  const getParams = () => {
    let params = {};
    const searchParams = new URLSearchParams(window.location.search);
    searchParams.forEach((value, key) => {
      params[key] = value;
    });
    return params;
  };

  const fillForm = (refresh = false) => {
    const params = getParams();

    if ((params["criteria.currentPrice"] || params["criteria.product_type"]) && !refresh) {
      giftFinder.classList.add("collapsed");
    } else {
      concernSelect.value = "all";
    }

    if (params["criteria.currentPrice"] && [...budgetButtons].map((b) => b.dataset.budget).includes(params["criteria.currentPrice"])) {
      selectBudget(giftFinder.querySelector(`[data-budget="${params["criteria.currentPrice"]}"]`));
      finderURLParams.budget = params["criteria.currentPrice"];
    } else {
      selectBudget();
    }

    generateFinderURL();
  };

  fillForm();

  const config = { attributes: true, childList: true };
  const filtersCallback = (mutationsList) => {
    fillForm(true);
  };

  const filtersInterval = setInterval(() => {
    if (document.querySelectorAll(".oct-listers-hits")[0]) {
      clearTimeout(filtersInterval);
      const appliedFilters = document.querySelectorAll(".oct-listers-hits")[0];
      var observer = new MutationObserver(filtersCallback);
      observer.observe(appliedFilters, config);
    }
  }, 500);

  const checkSize = () => {
    let vw = Math.max(document.documentElement.clientWidth, window.innerWidth || 0);
    if (vw < 575) {
      giftFinder.classList.add("collapsed");
    }
  };
  checkSize();
})();
</script></head><body style="pointer-events: auto;"><div id="oct-basket"><div class="oct-template--header oct-template--header--boots-v1"><div data-testid="visible-overlay-id" class="oct-overlay"></div></div></div> <script src="https://www.boots.com/wcsstore/eBootsStorefrontAssetStore/javascript/Widgets/algolia.autocomplete.search.js"></script> <script>function targetPageParams(){return{at_property:"6020a82c-7b7d-6257-4d35-887c8be542b8"}}</script> <script type="text/javascript" src="https://www.boots.com/wcsstore/eBootsStorefrontAssetStore/javascript/visitor.js"></script> <script type="text/javascript" src="https://www.boots.com/wcsstore/eBootsStorefrontAssetStore/javascript/at.js"></script>  <link data-chunk="main" rel="preload" as="style" href="https://www.boots.com/headerfooter/assets/main-bundle-25c40722.css" data-reactroot=""><link data-chunk="main" rel="preload" as="style" href="https://www.boots.com/headerfooter/assets/843-bundle-feba3365.css" data-reactroot=""><link data-chunk="main" rel="preload" as="style" href="https://www.boots.com/headerfooter/assets/134-bundle-e5359f09.css" data-reactroot=""> <script>!function(e,t,a,n){e[n]=e[n]||[],e[n].push({"gtm.start":(new Date).getTime(),event:"gtm.js"});e=t.getElementsByTagName(a)[0],n=t.createElement(a);n.async=!0,n.src="https://www.googletagmanager.com/gtm.js?id=GTM-W26C7Q2",e.parentNode.insertBefore(n,e)}(window,document,"script","dataLayer")</script> <link data-chunk="main" rel="stylesheet" href="https://www.boots.com/headerfooter/assets/134-bundle-e5359f09.css" data-reactroot=""><link data-chunk="main" rel="stylesheet" href="https://www.boots.com/headerfooter/assets/843-bundle-feba3365.css" data-reactroot=""><link data-chunk="main" rel="stylesheet" href="https://www.boots.com/headerfooter/assets/main-bundle-25c40722.css" data-reactroot=""><link data-chunk="main" rel="preload" as="style" href="/assets/main-bundle-3a883125.css">
<link data-chunk="main" rel="preload" as="style" href="/assets/vendor-bundle-fa7a14cf.css">
<link data-chunk="main" rel="preload" as="script" href="/assets/runtime-bundle-a5b105fc.js">
<link data-chunk="main" rel="preload" as="script" href="/assets/vendor-bundle-fa7a14cf.js">
<link data-chunk="main" rel="preload" as="script" href="/assets/main-bundle-3a883125.js">
<link rel="stylesheet" href="https://www.boots.com/online/assets/core/0.1.0/main.css"><link data-chunk="main" rel="stylesheet" href="/assets/vendor-bundle-fa7a14cf.css">
<link data-chunk="main" rel="stylesheet" href="/assets/main-bundle-3a883125.css">   <noscript><iframe src="https://www.googletagmanager.com/ns.html?id=GTM-W26C7Q2"height="0"width="0"style="display:none;visibility:hidden"></iframe></noscript>  <input type="hidden" id="gigyaKillSwitch" name="gigyaKillSwitch" value="off" autocomplete="off" style=""> <input type="hidden" name="mobilelogonscreenName" id="mobilelogonscreenName" value="favourite" autocomplete="off" style=""> <input type="hidden" name="favouriteReturnURL" id="favouriteReturnURL" value="https://www.boots.com/WishListDisplayView?listId=.&amp;catalogId=28501&amp;storeId=11352&amp;langId=-1" autocomplete="off" style=""> <script type="text/javascript">var isGuest=!0</script>  <div id="accessibilityRolesContainer"> <a style="visibility: hidden;" id="skipToNav" href="javascript:void(0);" class="skip-link" title="skip to navigation" onclick="focusToId(topLevelLink_1590591)" 1"=""><span>Skip to navigation</span> </a><a style="visibility: hidden;" id="skipToMain" href="javascript:void(0);" class="skip-link" title="skip to main content" onclick="focusToId('content') tabindex=" 1"=""><span>Skip to content</span> </a><a style="visibility:hidden" id="skipToSeach" href="javascript:void(0);" class="skip-link" title="skip to search" onclick="focusToId(&quot;SimpleSearchForm_SearchTerm&quot;)" tabindex="1"><span>Skip to search</span></a> </div>  <span class="spanacce" style="display:none" id="MessageArea_ACCE_Title">Message Dialog</span> <div id="overlay" dir="ltr"></div> <div id="MessageArea" aria-modal="true" role="dialog" aria-labelledby="dialog" class="store_message_overlay" tabindex="0"> <a aria-label="Close" role="button" href="javascript:;" id="clickableErrorMessageImg" class="close close-btn" onclick="storeMessageOverlayClose()" title="Close"> <img src="https://www.boots.com/wcsstore/eBootsStorefrontAssetStore/images/boots/overlay_close_icon.svg" alt="Close"> </a> <div id="cartThresholdTitleDiv" class="overlay-title" style="display:none"> <h3 style="text-align:center;font-size:1.25em">Maximum basket size reached</h3> </div> <div id="outOfStockTitleDiv" class="overlay-title" style="display:none"> <h3 style="text-align:center;font-size:1.25em">Out of stock</h3> </div> <div id="msgpopup_content_wrapper" class="content"> <div class="message"> <div class="message_text"> <span id="ErrorMessageText"> <p>placeholder...</p> </span> </div> <div class="clear_float"></div> </div> <a aria-label="Close overlay" role="button" href="javascript:storeMessageOverlayClose();" id="closeStoreOverlay" class="close close-btn storeOverlayCloseBtn" onclick="storeMessageOverlayClose()"> <img src="https://www.boots.com/wcsstore/eBootsStorefrontAssetStore/images/boots/overlay_close_icon.svg" alt="Close"> </a> </div> </div> <span class="spanacce" id="ariaMessage_ACCE_Label" style="display:none">Display Update Message</span> <span class="spanacce" role="region" aria-labelledby="ariaMessage_ACCE_Label" id="ariaMessage" aria-live="assertive" aria-atomic="true" aria-relevant="additions"></span> <script>var previousElement=null;const overlay=document.getElementById("MessageArea");overlay.addEventListener("keydown",function(e){var o,n;"Tab"===e.key&&(e.preventDefault(),n=(o=Array.from(overlay.querySelectorAll("a"))).indexOf(document.activeElement),(e.shiftKey?0===n?o[o.length-1]:o[n-1]:n===o.length-1?o[0]:o[n+1]).focus())}),document.addEventListener("keydown",e=>{var o=dojo.byId("MessageArea"),n=dojo.byId("overlay");previousElement=document.activeElement||document.body,"Escape"===e.key&&"block"===n.style.display&&(dojo.style(n,"display","none"),dojo.style(o,"display","none"),previousElement)&&(previousElement.focus(),previousElement=null)})</script> <input type="hidden" id="inactivityLogoffURL" name="inactivityLogoffURL" value="http://www.boots.com/Logoff?myAcctMain=1&amp;catalogId=28501&amp;deleteCartCookie=true&amp;langId=-1&amp;storeId=11352" autocomplete="off" style="">  <div id="page"> <div id="headerWrapper">  <input type="hidden" id="cepHeaderSwitch" value="true" autocomplete="off" style=""> <input type="hidden" id="cepUserType" value="G" autocomplete="off" style=""> <script src="https://www.boots.com/wcsstore/Widgets/Common/CatalogEntry/javascript/AddToBasketInteraction.js"></script> <input type="hidden" name="assumedLoginFlag" id="assumedLoginFlag" value="" autocomplete="off" style=""> <input type="hidden" name="logoutURL" id="logoutURL" value="http://www.boots.com/Logoff?myAcctMain=1&amp;catalogId=28501&amp;deleteCartCookie=true&amp;inactivityLogOffFlag=false&amp;langId=-1&amp;storeId=11352" autocomplete="off" style=""> <input type="hidden" name="SSOURL" value="OrderItemMove?page=&amp;URL=OrderCalculate%3FURL%3Dhttps://www.boots.com/AjaxLogonForm&amp;calculationUsageId=-1&amp;calculationUsageId=-2&amp;calculationUsageId=-7&amp;deleteCartCookie=true" id="SSOLogonURL" autocomplete="off" style="">  <div class="estores_overlay_wrapper" role="dialog" aria-labelledby="overlayTitle" style="display:none" id="shipToOverlay"> <div class="estores_overlay_content"> <a class="close-btn" href="javascript:eStoreProductOverlay('shipToOverlay');" aria-label="close dialog" role="button"> x </a> <h3 id="overlayTitle">Select your shipping destination</h3> <div class="country_text"> <p>Never be without your favourite Boots products with our international delivery options.</p> </div> <div class="country_section"> <a id="AT" href="javaScript:processSelection('AT','https://www.international.boots.com','','INT:AT')" ;=""><div class="flag"></div>Austria</a> <a id="IB" href="javaScript:processSelection('IB','https://www.international.boots.com','','INT:IB')" ;=""><div class="flag"></div>Balearic Islands</a> <a id="BE" href="javaScript:processSelection('BE','https://www.international.boots.com','','INT:BE')" ;=""><div class="flag"></div>Belgium</a> <a id="BG" href="javaScript:processSelection('BG','https://www.international.boots.com','','INT:BG')" ;=""><div class="flag"></div>Bulgaria</a> <a id="CA" href="javaScript:processSelection('CA','https://www.us.boots.com','*','')" ;=""><div class="flag"></div>Canada</a> <a id="CZ" href="javaScript:processSelection('CZ','https://www.international.boots.com','','INT:CZ')" ;=""><div class="flag"></div>Czech Republic</a> <a id="DK" href="javaScript:processSelection('DK','https://www.international.boots.com','','INT:DK')" ;=""><div class="flag"></div>Denmark</a> <a id="EE" href="javaScript:processSelection('EE','https://www.international.boots.com','','INT:EE')" ;=""><div class="flag"></div>Estonia</a> <a id="FI" href="javaScript:processSelection('FI','https://www.international.boots.com','','INT:FI')" ;=""><div class="flag"></div>Finland</a> <a id="FR" href="javaScript:processSelection('FR','https://www.international.boots.com','','INT:FR')" ;=""><div class="flag"></div>France</a> <a id="DE" href="javaScript:processSelection('DE','https://www.international.boots.com','','INT:DE')" ;=""><div class="flag"></div>Germany</a> <a id="GR" href="javaScript:processSelection('GR','https://www.international.boots.com','','INT:GR')" ;=""><div class="flag"></div>Greece</a> <a id="HU" href="javaScript:processSelection('HU','https://www.international.boots.com','','INT:HU')" ;=""><div class="flag"></div>Hungary</a> <a id="IE" href="javaScript:processSelection('IE','https://www.boots.ie','','IE')" ;=""><div class="flag"></div>Ireland</a> <a id="IT" href="javaScript:processSelection('IT','https://www.boots.it','*','')" ;=""><div class="flag"></div>Italy</a> </div> <div class="country_section"> <a id="LV" href="javaScript:processSelection('LV','https://www.international.boots.com','','INT:LV')" ;=""><div class="flag"></div>Latvia</a> <a id="LT" href="javaScript:processSelection('LT','https://www.international.boots.com','','INT:LT')" ;=""><div class="flag"></div>Lithuania</a> <a id="LU" href="javaScript:processSelection('LU','https://www.international.boots.com','','INT:LU')" ;=""><div class="flag"></div>Luxembourg</a> <a id="MC" href="javaScript:processSelection('MC','https://www.international.boots.com','','INT:MC')" ;=""><div class="flag"></div>Monaco</a> <a id="NL" href="javaScript:processSelection('NL','https://www.nl.boots.com','*','')" ;=""><div class="flag"></div>Netherlands</a> <a id="NO" href="javaScript:processSelection('NO','https://www.boots.no','*','')" ;=""><div class="flag"></div>Norway</a> <a id="PL" href="javaScript:processSelection('PL','https://www.international.boots.com','','INT:PL')" ;=""><div class="flag"></div>Poland</a> <a id="PT" href="javaScript:processSelection('PT','https://www.international.boots.com','','INT:PT')" ;=""><div class="flag"></div>Portugal</a> <a id="RO" href="javaScript:processSelection('RO','https://www.international.boots.com','','INT:RO')" ;=""><div class="flag"></div>Romania</a> <a id="SK" href="javaScript:processSelection('SK','https://www.international.boots.com','','INT:SK')" ;=""><div class="flag"></div>Slovakia</a> <a id="SI" href="javaScript:processSelection('SI','https://www.international.boots.com','','INT:SI')" ;=""><div class="flag"></div>Slovenia</a> <a id="ES" href="javaScript:processSelection('ES','https://www.international.boots.com','','INT:ES')" ;=""><div class="flag"></div>Spain (Mainland)</a> <a id="SE" href="javaScript:processSelection('SE','https://www.international.boots.com','','INT:SE')" ;=""><div class="flag"></div>Sweden</a> <a id="GB" href="javaScript:processSelection('GB','https://www.boots.com','','GB')" ;=""><div class="flag"></div>UK (including BFPO)</a> <a id="US" href="javaScript:processSelection('US','https://www.us.boots.com','*','')" ;=""><div class="flag"></div>USA</a> </div> <div class="country_text"> <a href="#" class="synthetix_link" syn-trigger="header_delivery" syn-category="Receiving a delivery">Find out more about international delivery</a> <h4>Country specific sites</h4> <p>Boots has products available in other retail outlets in a number of countries, select from the country-specific sites below to find out more:</p> </div> <div class="country_section"> <a id="BH" href="javaScript:processSelection('BH','https://www.me.boots.com','*','')" ;=""><div class="flag"></div>Bahrain</a> <a id="HK" href="javaScript:processSelection('HK','http://www.hk.boots.com','*','')" ;=""><div class="flag"></div>Hong Kong</a> <a id="KW" href="javaScript:processSelection('KW','https://www.me.boots.com','*','')" ;=""><div class="flag"></div>Kuwait</a> <a id="QA" href="javaScript:processSelection('QA','https://www.me.boots.com','*','')" ;=""><div class="flag"></div>Qatar</a> </div> <div class="country_section"> <a id="SA" href="javaScript:processSelection('SA','https://www.me.boots.com','*','')" ;=""><div class="flag"></div>Saudi Arabia</a> <a id="SG" href="javaScript:processSelection('SG','http://www.hk.boots.com','*','')" ;=""><div class="flag"></div>Singapore</a> <a id="TH" href="javaScript:processSelection('TH','http://www.th.boots.com','*','')" ;=""><div class="flag"></div>Thailand</a> <a id="AE" href="javaScript:processSelection('AE','https://www.me.boots.com','*','')" ;=""><div class="flag"></div>United Arab Emirates</a> </div> <div class="country_text"> </div> </div> </div>  <input type="hidden" id="storeIdForThirdLevelMenu" value="11352" autocomplete="off" style=""> <input type="hidden" id="catalogIdForThirdLevelMenu" value="28501" autocomplete="off" style=""> <script type="text/javascript">window.addEventListener("load",function(){var e,s=document.querySelector('meta[name="pageName"]').content,t=document.getElementById("listPageType"),a=document.getElementsByClassName("oct--listers");"true"!==sessionStorage.getItem("algoliaSearchRedirect")&&(sessionStorage.setItem("SearchRedirect",""),console.log("This is non redirect page with algoliaSearchRedirect, session storage searchRedirect will be empty")),0<a.length&&("true"==sessionStorage.getItem("algoliaSearchRedirect")?(sessionStorage.setItem("algoliaSearchRedirect",""),console.log("This is the brand AEM page, with searchRedirect value as Brand")):(console.log("This is non-brand AEM page, session storage searchRedirect will be empty"),sessionStorage.setItem("algoliaSearchRedirect",""),sessionStorage.setItem("SearchRedirect",""))),"ProductPage"==s&&("true"==sessionStorage.getItem("algoliaSearchRedirect")?(sessionStorage.setItem("algoliaSearchRedirect",""),e=sessionStorage.getItem("algoliaSuggestedKeyWord"),sessionStorage.setItem("SearchRedirect","SearchRedirect:"+e),console.log("This is Algolia Search redirect PDP page, with searchRedirect value as Brand")):(console.log("This is PDP page, session storage searchRedirect will be empty"),sessionStorage.setItem("SearchRedirect",""),sessionStorage.setItem("algoliaSearchRedirect",""))),"CategoryPage"==s&&null!==t&&"PLP"==t.value&&("true"==sessionStorage.getItem("algoliaSearchRedirect")?(sessionStorage.setItem("algoliaSearchRedirect",""),e=sessionStorage.getItem("algoliaSuggestedKeyWord"),sessionStorage.setItem("SearchRedirect","SearchRedirect:"+e),console.log("This is Algolia Search redirect PLP page, with searchRedirect value as Brand")):(console.log("This is PLP page, session storage searchRedirect will be empty"),sessionStorage.setItem("SearchRedirect",""),sessionStorage.setItem("algoliaSearchRedirect",""))),"/sitesearch"==window.location.pathname||"/"==window.location.pathname?(null===sessionStorage.getItem("SearchRedirect")&&""===sessionStorage.getItem("SearchRedirect")||(sessionStorage.setItem("SearchRedirect",""),sessionStorage.setItem("algoliaSearchRedirect","")),console.log("This is non-brand page, session storage searchRedirect will be empty")):(sessionStorage.setItem("algoliaSearchRedirect",""),console.log("This is a Brands Page, with searchRedirect value as Brand"))})</script>  <div id="global_nav_overlay" class="estores_overlay"></div> <div id="header" role="banner"> <div id="globalNavigationContainer"> <div id="globalNavigationContainer_eSpots"> <div class="supermenu_espot" data-espot-for="ESpot_mothers-day"> </div> <div class="supermenu_espot" data-espot-for="ESpot_health-pharmacy"> </div> <div class="supermenu_espot" data-espot-for="ESpot_beauty"> <div id="contentRecommendationWidget_BootsSuperMenu_beauty_Espot" class="contentRecommendationWidget"> <div class="left_espot"> <p> <label><style>@media screen and (max-width:1280px){.promo-espot{display:none!important}}</style> <a href="/no7/no7-coming-soon" class="promo-espot" manual_cm_sp="Supermenu-_-shop by department-_-no7 jeunesse 3.0 teaser espot"> </a></label></p><div style="position:relative;width:250px;height:275px;border:1px solid #d0d0d0;box-sizing:border-box;margin-left:16px" class="promo-espot"><a href="/no7/no7-coming-soon" class="promo-espot" manual_cm_sp="Supermenu-_-shop by department-_-no7 jeunesse 3.0 teaser espot"> <img src="https://www.boots.com/wcsstore/ExtendedSitesCatalogAssetStore/supernav/no7/GN_p9a_No7_Jeunesse_3_Teaser_eSpot_April25.jpg" alt="" style="width:100%;height:auto;display:block"> <div style="width:100%;height:90px;position:absolute;bottom:0;padding:.6rem;box-sizing:border-box;background:#fff;border-top:1px solid #d0d0d0"> <h2 style="color:#333;font-size:1.25rem;line-height:1.5625rem;margin:0 0 .25em 0;text-align:center">No7</h2> <p style="color:#333;font-family:arial,sans-serif!important;font-size:.875rem!important;line-height:1.25rem;margin:0;text-align:center">You won't want to miss this!<br><strong>Discover more</strong></p> </div> </a></div><a href="/no7/no7-coming-soon" class="promo-espot" manual_cm_sp="Supermenu-_-shop by department-_-no7 jeunesse 3.0 teaser espot"> </a> <p></p> </div> </div> </div> <div class="supermenu_espot" data-espot-for="ESpot_fragrance"> </div> <div class="supermenu_espot" data-espot-for="ESpot_baby-child"> </div> <div class="supermenu_espot" data-espot-for="ESpot_electrical"> </div> <div class="supermenu_espot" data-espot-for="ESpot_trending-products"> </div> <div class="supermenu_espot" data-espot-for="ESpot_new-to-boots"> </div> <div class="supermenu_espot" data-espot-for="ESpot_holidays"> </div> <div class="supermenu_espot" data-espot-for="ESpot_wellness"> </div> <div class="supermenu_espot" data-espot-for="ESpot_toiletries"> </div> <div class="supermenu_espot" data-espot-for="ESpot_mens"> </div> <div class="supermenu_espot" data-espot-for="ESpot_homeware"> </div> <div class="supermenu_espot" data-espot-for="ESpot_opticians"> </div> <div class="supermenu_espot" data-espot-for="ESpot_photo"> </div> <div class="supermenu_espot" data-espot-for="ESpot_gift"> </div> <div class="supermenu_espot" data-espot-for="ESpot_brands"> </div> <div class="supermenu_espot" data-espot-for="ESpot_online-prescriptions"> </div> <div class="supermenu_espot" data-espot-for="ESpot_prescription-support"> <div id="contentRecommendationWidget_BootsSuperMenu_prescription-support_Espot" class="contentRecommendationWidget"> <div class="left_espot"> <p> <label><style>@media screen and (max-width:1280px){.promo-espot{display:none!important}}</style> <a href="/healthhub" class="promo-espot"> </a></label></p><div style="position:relative;width:250px;height:275px;border:1px solid #d0d0d0;box-sizing:border-box;margin-left:16px" class="promo-espot"><a href="/healthhub" class="promo-espot"> <img src="https://www.boots.com/wcsstore/ExtendedSitesCatalogAssetStore/supernav/Health/HealthHub_Updated_eSpot_2024.jpg" alt="" style="width:100%;height:auto;display:block"> <div style="width:100%;height:90px;position:absolute;bottom:0;padding:.6rem;box-sizing:border-box;background:#fff;border-top:1px solid #d0d0d0"> <h2 style="color:#333;font-size:1.25rem;line-height:1.5625rem;margin:0 0 .25em 0;text-align:center">Boots Health Hub</h2> <p style="color:#333;font-family:arial,sans-serif!important;font-size:.875rem!important;line-height:1.25rem;margin:0;text-align:center">Advice, products &amp; services<br>with you in mind</p> </div> </a></div><a href="/healthhub" class="promo-espot"> </a> <p></p> </div> </div> </div> <div class="supermenu_espot" data-espot-for="ESpot_prescription-stock-checker-"> </div> <div class="supermenu_espot" data-espot-for="ESpot_nhs-services"> <div id="contentRecommendationWidget_BootsSuperMenu_nhs-services_Espot" class="contentRecommendationWidget"> <div class="left_espot"> <p> <label> <style>@media screen and (max-width:1280px){.promo-espot{display:none!important}}</style> <a class="promo-espot" href="/online/pharmacy"> </a></label></p><div class="promo-espot" style="border:1px solid #d0d0d0;border-image:none;width:250px;height:275px;margin-left:16px;position:relative;box-sizing:border-box"><a class="promo-espot" href="/online/pharmacy"> <img style="width:100%;height:auto;display:block" alt="" src="https://www.boots.com/wcsstore/ExtendedSitesCatalogAssetStore/supernav/Pharmacy/nhs.jpg"> <div style="background:#fff;padding:.6rem;width:100%;height:90px;bottom:0;border-top-color:#d0d0d0;border-top-width:1px;border-top-style:solid;position:absolute;box-sizing:border-box"> <h2 style="margin:0 0 .25em;text-align:center;color:#333;line-height:1.56rem;font-size:1.25rem">Boots Free Online NHS Repeat Prescription Service</h2> <p style="margin:0;text-align:center;color:#333;line-height:1.25rem;font-family:arial,sans-serif!important;font-size:.87rem!important"></p> </div> </a></div><a class="promo-espot" href="/online/pharmacy"> </a>  <p></p> </div> </div> </div> <div class="supermenu_espot" data-espot-for="ESpot_healthhub"> </div> <div class="supermenu_espot" data-espot-for="ESpot_a-z-services"> </div> <div class="supermenu_espot" data-espot-for="ESpot_pharmacy-first"> </div> <div class="supermenu_espot" data-espot-for="ESpot_onlinedoctor"> </div> <div class="supermenu_espot" data-espot-for="ESpot_appointment-booking"> </div> <div class="supermenu_espot" data-espot-for="ESpot_flujab"> </div> <div class="supermenu_espot" data-espot-for="ESpot_opticians-service"> </div> <div class="supermenu_espot" data-espot-for="ESpot_hearingcare"> </div> <div class="supermenu_espot" data-espot-for="ESpot_boots-for-business"> </div> <div class="supermenu_espot" data-espot-for="ESpot_vaccinations"> </div> <div class="supermenu_espot" data-espot-for="ESpot_clinical-research"> </div> <div class="supermenu_espot" data-espot-for="ESpot_macmillan"> </div> <div class="supermenu_espot" data-espot-for="ESpot_health-and-beauty"> </div> <div class="supermenu_espot" data-espot-for="ESpot_skincare-beauty-advice"> </div> <div class="supermenu_espot" data-espot-for="ESpot_wellness-advice"> </div> <div class="supermenu_espot" data-espot-for="ESpot_health"> <div id="contentRecommendationWidget_BootsSuperMenu_health_Espot" class="contentRecommendationWidget"> <div class="left_espot"> <p> <label><style>@media screen and (max-width:1280px){.promo-espot{display:none!important}}</style> <a href="/healthhub" class="promo-espot"> </a></label></p><div style="position:relative;width:250px;height:275px;border:1px solid #d0d0d0;box-sizing:border-box;margin-left:16px" class="promo-espot"><a href="/healthhub" class="promo-espot"> <img src="https://www.boots.com/wcsstore/ExtendedSitesCatalogAssetStore/supernav/Health/HealthHub_Updated_eSpot_2024.jpg" alt="" style="width:100%;height:auto;display:block"> <div style="width:100%;height:90px;position:absolute;bottom:0;padding:.6rem;box-sizing:border-box;background:#fff;border-top:1px solid #d0d0d0"> <h2 style="color:#333;font-size:1.25rem;line-height:1.5625rem;margin:0 0 .25em 0;text-align:center">Boots Health Hub</h2> <p style="color:#333;font-family:arial,sans-serif!important;font-size:.875rem!important;line-height:1.25rem;margin:0;text-align:center">Advice, products &amp; services<br>with you in mind</p> </div> </a></div><a href="/healthhub" class="promo-espot"> </a> <p></p> </div> </div> </div> <div class="supermenu_espot" data-espot-for="ESpot_skincare-diagnostic-tool"> </div> <div class="supermenu_espot" data-espot-for="ESpot_christmas-gift-guide"> </div> <div class="supermenu_espot" data-espot-for="ESpot_fragrance-advice"> </div> <div class="supermenu_espot" data-espot-for="ESpot_parentingadvice"> </div> <div class="supermenu_espot" data-espot-for="ESpot_electrical-inspiration-and-advice"> </div> <div class="supermenu_espot" data-espot-for="ESpot_opticians-advice"> </div> <div class="supermenu_espot" data-espot-for="ESpot_sun-and-holiday-inspiration"> </div> <div class="supermenu_espot" data-espot-for="ESpot_gifting-"> </div> <div class="supermenu_espot" data-espot-for="ESpot_boots-beauty-specialists"> </div> <div class="supermenu_espot" data-espot-for="ESpot_boots-recycling-scheme"> </div> <div class="supermenu_espot" data-espot-for="ESpot_offers"> </div> <div class="supermenu_espot" data-espot-for="ESpot_delivery-offers"> </div> <div class="supermenu_espot" data-espot-for="ESpot_best-for-less"> </div> <div class="supermenu_espot" data-espot-for="ESpot_sale"> </div> <div class="supermenu_espot" data-espot-for="ESpot_all-clearance"> </div> <div class="supermenu_espot" data-espot-for="ESpot_tuesday-offer"> </div> <div class="supermenu_espot" data-espot-for="ESpot_savings"> <div id="contentRecommendationWidget_BootsSuperMenu_savings_Espot" class="contentRecommendationWidget"> <div class="left_espot"> <p> <label><style>@media screen and (max-width:1280px){.promo-espot{display:none!important}}</style> <a href="/advantage-card" class="promo-espot"> </a></label></p><div style="position:relative;width:250px;height:275px;border:1px solid #d0d0d0;box-sizing:border-box;margin-left:16px" class="promo-espot"><a href="/advantage-card" class="promo-espot"> <img src="https://www.boots.com/wcsstore/ExtendedSitesCatalogAssetStore/supernav/advantage_card/price_advantage_card_espot.png" alt="" style="width:100%;height:auto;display:block"> <div style="width:100%;height:90px;position:absolute;bottom:0;padding:.6rem;box-sizing:border-box;background:#fff;border-top:1px solid #d0d0d0"> <h2 style="color:#05054b;font-size:1.25rem;line-height:1.5625rem;margin:0 0 .25em 0;text-align:center">Price Advantage</h2> <p style="color:#05054b;font-family:arial,sans-serif!important;font-size:.875rem!important;line-height:1.25rem;margin:0;text-align:center">Unlock exclusive offers with your Advantage Card</p> </div> </a></div><a href="/advantage-card" class="promo-espot"> </a> <p></p> </div> </div> </div> <div class="supermenu_espot" data-espot-for="ESpot_value-packs-and-bundles"> </div> <div class="supermenu_espot" data-espot-for="ESpot_fragrance-offers"> </div> <div class="supermenu_espot" data-espot-for="ESpot_electrical-offers"> </div> <div class="supermenu_espot" data-espot-for="ESpot_beauty-skincare-offers"> </div> <div class="supermenu_espot" data-espot-for="ESpot_makeup-offers"> </div> <div class="supermenu_espot" data-espot-for="ESpot_seasonal"> <div id="contentRecommendationWidget_BootsSuperMenu_seasonal_Espot" class="contentRecommendationWidget"> <div class="left_espot"> <p> <label><style>@media screen and (max-width:1280px){.promo-espot{display:none!important}}</style> <a href="/advantage-card" class="promo-espot"> </a></label></p><div style="position:relative;width:250px;height:275px;border:1px solid #d0d0d0;box-sizing:border-box;margin-left:16px" class="promo-espot"><a href="/advantage-card" class="promo-espot"> <img src="https://www.boots.com/wcsstore/ExtendedSitesCatalogAssetStore/supernav/advantage_card/price_advantage_card_espot.png" alt="" style="width:100%;height:auto;display:block"> <div style="width:100%;height:90px;position:absolute;bottom:0;padding:.6rem;box-sizing:border-box;background:#fff;border-top:1px solid #d0d0d0"> <h2 style="color:#05054b;font-size:1.25rem;line-height:1.5625rem;margin:0 0 .25em 0;text-align:center">Price Advantage</h2> <p style="color:#05054b;font-family:arial,sans-serif!important;font-size:.875rem!important;line-height:1.25rem;margin:0;text-align:center">Unlock exclusive offers with your Advantage Card</p> </div> </a></div><a href="/advantage-card" class="promo-espot"> </a> <p></p> </div> </div> </div> <div class="supermenu_espot" data-espot-for="ESpot_health-offers"> </div> <div class="supermenu_espot" data-espot-for="ESpot_baby-child-offers"> </div> <div class="supermenu_espot" data-espot-for="ESpot_toiletries-offers"> </div> <div class="supermenu_espot" data-espot-for="ESpot_photo-offers"> </div> <div class="supermenu_espot" data-espot-for="ESpot_opticians-offers"> </div> <div class="supermenu_espot" data-espot-for="ESpot_no7"> <div id="contentRecommendationWidget_BootsSuperMenu_no7_Espot" class="contentRecommendationWidget"> <div class="left_espot"> <p> <label><style>@media screen and (max-width:1280px){.promo-espot{display:none!important}}</style> <a href="/no7-make-up/no7-pro-artist" class="promo-espot" manual_cm_sp="Supermenu-_-shop by department-_-no7 pro artist 2024"> </a></label></p><div style="position:relative;width:250px;height:275px;border:1px solid #d0d0d0;box-sizing:border-box;margin-left:16px" class="promo-espot"><a href="/no7-make-up/no7-pro-artist" class="promo-espot" manual_cm_sp="Supermenu-_-shop by department-_-no7 pro artist 2024"> <img src="https://www.boots.com/wcsstore/ExtendedSitesCatalogAssetStore/supernav/no7/8a_No7_ProArtist_eSpot_Update.jpg" alt="" style="width:100%;height:auto;display:block"> <div style="width:100%;height:90px;position:absolute;bottom:0;padding:.6rem;box-sizing:border-box;background:#fff;border-top:1px solid #d0d0d0"> <h2 style="color:#333;font-size:1.25rem;line-height:1.5625rem;margin:0 0 .25em 0;text-align:center">No7</h2> <p style="color:#333;font-family:arial,sans-serif!important;font-size:.875rem!important;line-height:1.25rem;margin:0;text-align:center">NEW Pro Artist Collection<br><strong>Shop now</strong></p> </div> </a></div><a href="/no7-make-up/no7-pro-artist" class="promo-espot" manual_cm_sp="Supermenu-_-shop by department-_-no7 pro artist 2024"> </a> <p></p> </div> </div> </div> <div class="supermenu_espot" data-espot-for="ESpot_no7-gifts"> </div> <div class="supermenu_espot" data-espot-for="ESpot_no7-shop-all"> </div> <div class="supermenu_espot" data-espot-for="ESpot_future-renew"> </div> <div class="supermenu_espot" data-espot-for="ESpot_no7-skincare"> </div> <div class="supermenu_espot" data-espot-for="ESpot_no7-make-up"> </div> <div class="supermenu_espot" data-espot-for="ESpot_no7-bestsellers"> </div> <div class="supermenu_espot" data-espot-for="ESpot_no7-online-only"> </div> <div class="supermenu_espot" data-espot-for="ESpot_no7-new"> </div> <div class="supermenu_espot" data-espot-for="ESpot_no7-mens"> </div> <div class="supermenu_espot" data-espot-for="ESpot_no7-make-up-accessories"> </div> <div class="supermenu_espot" data-espot-for="ESpot_no7-bath-body"> </div> <div class="supermenu_espot" data-espot-for="ESpot_no7-inspiration-and-advice"> </div> <div class="supermenu_espot" data-espot-for="ESpot_no7-better-than-half-price-collections"> </div> </div> <div id="globalNavigationContainer_Footer_eSpot"> </div> </div> <div id="header_overlay" class="estores_overlay" onclick="return document.getElementById(&quot;departmentsButton&quot;).click(),!1"></div> <div id="estore_header_top_row"> <div id="logo"> <a href="https://www.boots.com/" title="Boots Logo" onclick="analyticsJS.headObjectTopEventGtm(&quot;Boots Logo&quot;)" tabindex="1"> <img src="https://www.boots.com/wcsstore/eBootsStorefrontAssetStore/MasterLogo2019/BVI Logo v2.png" border="0" alt="Boots Logo"> </a> </div> <div id="header_link_container"> <ul id="mobileHeader"></ul> <ul id="headerLinkBarOne"><li id="shipToMessage" class="burgerBottom"> <a id="storeShippedTookLink" title="Change shipping country" class="withIcon" role="dialog" href="javascript:void(0);" onclick="closeBurgerMenu(),eStoreProductOverlay(&quot;shipToOverlay&quot;),analyticsJS.headObjectTopEventGtm(&quot;Ship to&quot;)" tabindex="2"> <div id="UK" class="shipToMessage"> Ship to<div class="flag"></div> </div> </a> </li> <script src="https://www.boots.com/wcsstore/eBootsStorefrontAssetStore/javascript/geotargeting/geotargeting.js" type="text/javascript"></script>  <li id="mobileLink_locator"> <a id="storeLocatorQuickLink" title="Find a store" href="https://www.boots.com/StoreLookupView?catalogId=28501&amp;storeId=11352&amp;langId=-1" onclick="analyticsJS.headObjectTopEventGtm(&quot;Find a Store&quot;)" tabindex="3"> <span>Find a store</span>&nbsp; </a> </li> <li id="helpLinkLi" class="burgerBottom"> <a href="javascript:void(0);" class="synthetix_link" syn-trigger="storeHelpQuickLink" id="storeHelpQuickLink" title="Help" onclick="analyticsJS.headObjectTopEventGtm(&quot;Help&quot;)" tabindex="4"> <span>Help</span>&nbsp; </a> </li> </ul> <ul id="omniPresentLinksBar"> <li id="mobileLink_burger" class="mobileOnly"> <a id="mobileBurgerMenuIcon" aria-hidden="true" data-icon="a" href="javascript:void(0);"><span>Mobile Burger Menu Icon</span></a> </li> <li id="mobileLink_locator" class="mobileOnly"> <a id="storeLocatorQuickLink" name="Header-Find_a_store" title="Find a store" href="https://www.boots.com/StoreLookupView?catalogId=28501&amp;storeId=11352&amp;langId=-1"> <span>Find a store</span>&nbsp; </a> </li> <li id="mobileLink_basket"> <div id="oct-basket-container"><div class="oct-template--header oct-template--header--boots-v1"><span class="oct-basket-icon"><button class="oct-iconButton" aria-label="Basket"><svg version="1.1" xmlns="http://www.w3.org/2000/svg" xmlns:xlink="http://www.w3.org/1999/xlink" viewBox="0 0 50 50" role="img" class="oct-icon" aria-hidden="true" aria-label="" style="height: 50px; width: 50px; fill: rgb(0, 103, 178);"><path class="st0" d="M49.4,21.5c-0.1-0.2-0.3-0.4-0.4-0.6c-0.2-0.2-0.3-0.4-0.5-0.5c-0.2-0.2-0.4-0.3-0.6-0.4
	c-0.2-0.1-0.4-0.2-0.7-0.3c-0.2-0.1-0.5-0.2-0.7-0.2c-0.4-0.1-1.2-0.1-1.8-0.1c-0.5,0-1,0-1.5,0c-0.6,0-1.1,0-1.7,0
	c-0.5,0-1,0-1.5,0c-0.3,0-0.7,0-1,0c-0.1,0-0.1,0-0.2,0c-0.2,0-0.3-0.1-0.4-0.3L30.5,1.8l-0.1-0.3C29.9,0.6,29,0,27.9,0h-1.6H25
	h-1.3h-1.6c-1.1,0-2,0.6-2.5,1.5l-0.1,0.3L11.6,19c-0.1,0.2-0.2,0.3-0.4,0.3c-0.1,0-0.1,0-0.2,0c-0.3,0-0.7,0-1,0c-0.5,0-1,0-1.5,0
	c-0.6,0-1.1,0-1.7,0c-0.5,0-1,0-1.5,0c-0.6,0-1.5,0-1.8,0.1c-0.2,0-0.5,0.1-0.7,0.2c-0.2,0.1-0.4,0.2-0.7,0.3
	c-0.2,0.1-0.4,0.3-0.6,0.4c-0.2,0.2-0.3,0.3-0.5,0.5c-0.2,0.2-0.3,0.4-0.4,0.6c-0.5,0.9-0.6,1.8-0.4,2.9c0.7,4.4,1.5,8.9,2.2,13.3
	c0.5,3,0.7,6,1.6,8.9C4.7,48.5,6,50,8.1,50c0,0,16.9,0,16.9,0h0h0c0,0,16.9,0,16.9,0c2.1,0,3.4-1.5,4-3.4c0.9-2.9,1.1-5.9,1.6-8.9
	c0.7-4.4,1.5-8.9,2.2-13.3C49.9,23.3,49.9,22.4,49.4,21.5z M16.6,41.5c0,1.3-0.8,2.4-2.1,2.7c-1.7,0.4-3.3-0.9-3.3-2.6V27.4
	c0-1.7,1.5-3,3.3-2.6c1.2,0.3,2.1,1.4,2.1,2.7V41.5z M27.7,41.6c0,1.7-1.5,3-3.3,2.6c-1.2-0.3-2.1-1.4-2.1-2.7v-14
	c0-1.3,0.8-2.4,2.1-2.7c1.7-0.4,3.3,0.9,3.3,2.6V41.6z M32.2,19.3H25h0h0h-7.2c-0.1,0-0.2-0.1-0.2-0.3l5.9-13.3
	c0.1-0.1,0.2-0.2,0.3-0.2H25h1.2c0.1,0,0.3,0.1,0.3,0.2L32.4,19C32.4,19.1,32.3,19.3,32.2,19.3z M38.8,41.6c0,1.7-1.5,3-3.3,2.6
	c-1.2-0.3-2.1-1.4-2.1-2.7v-14c0-1.3,0.8-2.4,2.1-2.7c1.7-0.4,3.3,0.9,3.3,2.6V41.6z"></path></svg></button></span></div></div> </li> <li id="mobileLink_search" class="mobileOnly"> <a href="javascript:void(0);" onclick="return document.getElementById(&quot;searchButton&quot;).click(),toggleClass(document.getElementById(&quot;mobileLink_search&quot;),&quot;active&quot;),!1"><span>Mobile search</span></a> </li> </ul> <ul id="userControlLinksBar"><li id="loggedIn_dropDown" class="cacheHidden ellipsisName"> <a id="loggedIn_dropDownLink" href="javascript:void(0);" class="ellpsisName" tabindex="5" aria-label="containing 4 items "> <span id="loggedIn_name" class="loggedInOutSpan"></span> </a> <span id="loggedInNavRightArrow" class="globalNavArrow topLevelMenuMobileArrow" aria-hidden="true" data-icon="5"></span> <ul id="loggedIn_dropDown_Options"> <li id="loggedInMobileBackArrowContainer"> <span class="mobileBackArrow" aria-hidden="true" data-icon="4"></span> <a id="myAccountBackMobile" class="mobileBackLink mobileLoggedInBackButton mobileNavBackButtons" href="javascript:void(0);" onclick="setUpMobileBurgerMenu(this,&quot;topLevelMenu&quot;)" tabindex="5"> <span>Menu</span> </a> </li> <li> <a id="myAccountQuickLink" href="https://www.boots.com/AjaxLogonForm?myAcctMain=1&amp;catalogId=28501&amp;langId=-1&amp;storeId=11352" tabindex="5"> <span>My account</span> </a> </li> <li> <a id="myOrderHistoryQuickLink" href="https://www.boots.com/TrackOrderStatus?catalogId=28501&amp;storeId=11352&amp;langId=-1" tabindex="5"> <span>Order history</span> </a> </li> <li> <a id="myFavouritesQuickLink" href="https://www.boots.com/WishListDisplayView?listId=.&amp;catalogId=28501&amp;storeId=11352&amp;langId=-1" tabindex="5"> <span>Favourites</span> </a> </li> <li class="last"> <a id="signOutQuickLink" href="javascript:logoutGigyaFunctions('http://www.boots.com/Logoff?myAcctMain=1&amp;catalogId=28501&amp;deleteCartCookie=true&amp;inactivityLogOffFlag=false&amp;langId=-1&amp;storeId=11352')" tabindex="5"> <span>Log out</span> </a> </li> </ul> </li><li id="loggedOut_link" class=""> <a id="signInQuickLink" href="https://www.boots.com/LogonForm?myAcctMain=1&amp;catalogId=28501&amp;langId=-1&amp;storeId=11352" title="Log in Register" onclick="return checkCookies()" tabindex="5"> <span>Log in/register</span> </a> </li><li id="adcardQuickLinkLoggedInContainer" class="adcard burgerTop addCardBorder loggedInMargRht"> <a id="adcardQuickLinkSignUpLoggedIn" style="display:none" href="https://www.boots.com/MyAdvantageCardHomeView?catalogId=28501&amp;storeId=11352&amp;langId=-1" tabindex="6"> <span id="adcardHeaderSignUpSpan">Sign up for Boots</span><span>Advantage Card</span> </a> </li><li id="adcardQuickLinkGuestContainer" class="adcard burgerTop addCardBorder guestmargLft"> <a id="adcardQuickLinkGuest" style="display: block;" href="/advantage-card" onclick="analyticsJS.headObjectTopEventGtm(&quot;Boots Advantage Card&quot;)" tabindex="6"> <span> <div class="NotForTablet"> Boots </div> Advantage Card </span> </a> </li><li id="adcardQuickLinkContainer" class="adcard addCardBorder quickLinkmargRht burgerTop"> <a id="adcardQuickLink" style="display:none" href="https://www.boots.com/MyAdvantageCardHomeView?catalogId=28501&amp;storeId=11352&amp;langId=-1" tabindex="6"> <span id="adcardPointsSection"></span> <span id="adcardPointsSectionMsg1">worth of</span> <span id="adcardPointsSectionMsg2">Advantage Card</span> <span id="adcardPointsSectionMsg3">points</span> <span class="pointsNumber"><b id="adcardPointsSectionMsg4" style="display:none">&nbsp;</b></span> </a> </li>      </ul> </div> </div> <div id="estore_header_bottom_row"> <div dojotype="wc.widget.RefreshArea" id="global_navigation" widgetid="global_navigation" controllerid="departmentSubMenu_Controller" class="dijitContentPane" lang="en"> <ul id="topLevelMenu" role="menu" data-parent="header">  <li class="topLevelMenuListItem"> <a id="topLevelLink_1590591" name="Supermenu:Shop by department" title="Shop by department" aria-label="Shop by department link, collapsed content" href="#" class="0 departmentButton anchorDataToggle" role="menuitem" aria-haspopup="true" data-toggle="topLevelMenu_1590591" tabindex="7"> <span class="menuItemLabel">Shop by department </span> </a> <span data-icon="5" aria-hidden="true" class="globalNavArrow topLevelMenuMobileArrow"></span> <div id="topLevelMenu_1590591" class="departmentMenu topLevelMenu"> <ul id="departmentMenu" role="menu" data-parent="topLevelMenu"> <li class="mobileNavBackButtons" onclick="toggle(document.getElementById(&quot;departmentMenu&quot;)),setUpMobileBurgerMenu(this,&quot;departmentMenu&quot;),deactivate(document.getElementById(&quot;topLevelMenu_1590591&quot;))"> <span data-icon="4" aria-hidden="true" class="mobileBackArrow"></span> <a id="departmentLink_backButtons" class="mobileBackLink" tabindex="8"> <span class="menuItemLabel lowerLevelMenuListItem">Shop by department</span> </a> </li> <li class="departmentMenuListItem"> <a id="departmentLink_1595176" onfocus="addBackgroundColourOnFocus(this)" onblur="removeBackgroundColourOnFocus(this)" name="Supermenu:Shop by department:mother's day" title="mother's day" href="javascript:;" class="0 link menuLink departmentLinkItem anchorDataToggle" data-toggle="departmentMenu_1590591_1595176" role="menuitem" tabindex="8" aria-label="link, collapsed content"> <p class="departmentLinkOutput"><span class="menuItemLabel lowerLevelMenuListItem">mother's day</span></p> </a> <span data-icon="5" aria-hidden="true" class="globalNavArrow" id="departmenrGlobalNavArrow"></span> <div id="departmentMenu_1590591_1595176" class="departmentMenu departmentList" role="menu" data-parent="departmentMenu" data-id="1595176" aria-label="mother's day" style="top:65px" data-espot-show="ESpot_mothers-day"> <ul id="catergoryList" class="categoryList" data-parent="departmentMenu" data-toggle="departmentMenu_1590591_1595176" style="top:-65px"> <li class="mobileNavBackButtons" onclick="toggle(document.getElementById(&quot;departmentMenu_1590591_1595176&quot;)),setUpMobileBurgerMenu(this,&quot;catergoryList&quot;)"> <span data-icon="4" aria-hidden="true" class="mobileBackArrow"></span> <a class="mobileBackLink" tabindex="9"> <span class="menuItemLabel lowerLevelMenuListItem">mother's day</span> </a> </li> <li class="categoryMenuListItem"> <a id="departmentLink_1595176_view_all" onfocus="addBackgroundColourOnFocus(this)" onblur="removeBackgroundColourOnFocus(this)" onclick="analyticsJS.headObjectEventGtm('Shop by department : visit mother's day' );" name="Supermenu:Shop by department:View all mother's day" href="https://www.boots.com/mothers-day" class="viewAllHeader" role="menuitem" tabindex="9" data-toggle="subcategoryMenu"> <p class="categoryLinkOutput"><span class="menuItemLabel lowerLevelMenuListItem">visit&nbsp;mother's day</span></p> </a> </li> <li class="categoryMenuListItem"> <a id="categoryLink_1590591_1595176_2105682" onfocus="addBackgroundColourOnFocus(this)" onblur="removeBackgroundColourOnFocus(this)" aria-label="link" href="https://www.boots.com/mothers-day/mothers-day-shop-all" name="Supermenu:Shop by department:mother's day:shop all mother's day gifts" title="shop all mother's day gifts" class="menuLink categoryLinkItem anchorDataToggle" role="menuitem" data-toggle="subcategoryMenu" onclick="analyticsJS.headObjectEventGtm('Shop by department:mother's day:shop all mother's day gifts' );" tabindex="9"> <p class="categoryLinkOutput"><span class="menuItemLabel lowerLevelMenuListItem">shop all mother's day gifts</span></p> </a> <span data-icon="5" aria-hidden="true" class="globalNavArrow hide"></span> <div id="subcategoryLink_1590591_1595176_2105682" class="subcategoryMenu" data-parent="departmentMenu_1590591_1595176" style="top:0"> </div> </li> </ul> </div> </li> <li class="departmentMenuListItem"> <a id="departmentLink_1595014" onfocus="addBackgroundColourOnFocus(this)" onblur="removeBackgroundColourOnFocus(this)" name="Supermenu:Shop by department:health &amp; pharmacy" title="health &amp; pharmacy" href="javascript:;" class="1 link menuLink departmentLinkItem anchorDataToggle" data-toggle="departmentMenu_1590591_1595014" role="menuitem" tabindex="8" aria-label="link, collapsed content"> <p class="departmentLinkOutput"><span class="menuItemLabel lowerLevelMenuListItem">health &amp; pharmacy</span></p> </a> <span data-icon="5" aria-hidden="true" class="globalNavArrow" id="departmenrGlobalNavArrow"></span> <div id="departmentMenu_1590591_1595014" class="departmentMenu departmentList" role="menu" data-parent="departmentMenu" data-id="1595014" aria-label="health &amp; pharmacy" style="top:65px" data-espot-show="ESpot_health-pharmacy"> <ul id="catergoryList" class="categoryList" data-parent="departmentMenu" data-toggle="departmentMenu_1590591_1595014" style="top:-65px"> <li class="mobileNavBackButtons" onclick="toggle(document.getElementById(&quot;departmentMenu_1590591_1595014&quot;)),setUpMobileBurgerMenu(this,&quot;catergoryList&quot;)"> <span data-icon="4" aria-hidden="true" class="mobileBackArrow"></span> <a class="mobileBackLink" tabindex="9"> <span class="menuItemLabel lowerLevelMenuListItem">health &amp; pharmacy</span> </a> </li> <li class="categoryMenuListItem"> <a id="departmentLink_1595014_view_all" onfocus="addBackgroundColourOnFocus(this)" onblur="removeBackgroundColourOnFocus(this)" onclick="analyticsJS.headObjectEventGtm(&quot;Shop by department : visit health &amp; pharmacy&quot;)" name="Supermenu:Shop by department:View all health &amp; pharmacy" href="https://www.boots.com/health-pharmacy" class="viewAllHeader" role="menuitem" tabindex="9" data-toggle="subcategoryMenu"> <p class="categoryLinkOutput"><span class="menuItemLabel lowerLevelMenuListItem">visit&nbsp;health &amp; pharmacy</span></p> </a> </li> <li class="categoryMenuListItem"> <a id="categoryLink_1590591_1595014_1595033" onfocus="addBackgroundColourOnFocus(this)" onblur="removeBackgroundColourOnFocus(this)" aria-label="link" href="https://www.boots.com/health-pharmacy/health-offers" name="Supermenu:Shop by department:health &amp; pharmacy:health offers" title="health offers" class="menuLink categoryLinkItem anchorDataToggle" role="menuitem" data-toggle="subcategoryMenu" onclick="analyticsJS.headObjectEventGtm(&quot;Shop by department:health &amp; pharmacy:health offers&quot;)" tabindex="9"> <p class="categoryLinkOutput"><span class="menuItemLabel lowerLevelMenuListItem">health offers</span></p> </a> <span data-icon="5" aria-hidden="true" class="globalNavArrow hide"></span> <div id="subcategoryLink_1590591_1595014_1595033" class="subcategoryMenu" data-parent="departmentMenu_1590591_1595014" style="top:0"> </div> </li> <li class="categoryMenuListItem"> <a id="categoryLink_1590591_1595014_1595166" onfocus="addBackgroundColourOnFocus(this)" onblur="removeBackgroundColourOnFocus(this)" aria-label="link" href="javascript:;" name="Supermenu:Shop by department:health &amp; pharmacy:vitamins &amp; supplements" title="vitamins &amp; supplements" class="menuLink categoryLinkItem anchorDataToggle" role="menuitem" data-toggle="subcategoryLink_1590591_1595014_1595166" tabindex="9"> <p class="categoryLinkOutput"><span class="menuItemLabel lowerLevelMenuListItem">vitamins &amp; supplements</span></p> </a> <span data-icon="5" aria-hidden="true" class="globalNavArrow"></span> <div id="subcategoryLink_1590591_1595014_1595166" class="subcategoryMenu" role="menu" data-parent="departmentMenu_1590591_1595014" style="top:0"> <ul id="subcategoryList" class="subcategoryList"> <li class="mobileNavBackButtons" onclick="toggle(document.getElementById(&quot;subcategoryLink_1590591_1595014_1595166&quot;)),setUpMobileBurgerMenu(this,&quot;subcategoryLink_1590591_1595014_1595166&quot;)"> <span data-icon="4" aria-hidden="true" class="mobileBackArrow"></span> <a class="mobileBackLink" tabindex="10"> <span class="menuItemLabel lowerLevelMenuListItem">vitamins &amp; supplements</span> </a> </li> <li> <a id="categoryLink_1590591_1595014_1595166" name="Supermenu:Shop by department:health &amp; pharmacy:View all vitamins &amp; supplements" onfocus="addBackgroundColourOnFocus(this)" onclick="analyticsJS.headObjectEventGtm(&quot;Shop by department : health &amp; pharmacy : visit vitamins &amp; supplements&quot;)" onblur="removeBackgroundColourOnFocus(this)" href="https://www.boots.com/health-pharmacy/vitaminsandsupplements" tabindex="10" class="viewAllHeader"> <p class="subcategoryLinkOutput"><span class="menuItemLabel lowerLevelMenuListItem">visit&nbsp;vitamins &amp; supplements</span></p> </a> </li> </ul> </div> </li> <li class="categoryMenuListItem"> <a id="categoryLink_1590591_1595014_2711685" onfocus="addBackgroundColourOnFocus(this)" onblur="removeBackgroundColourOnFocus(this)" aria-label="link" href="https://www.boots.com/health-pharmacy/pharmacy-medicines" name="Supermenu:Shop by department:health &amp; pharmacy:pharmacy medicines" title="pharmacy medicines" class="menuLink categoryLinkItem anchorDataToggle" role="menuitem" data-toggle="subcategoryMenu" onclick="analyticsJS.headObjectEventGtm(&quot;Shop by department:health &amp; pharmacy:pharmacy medicines&quot;)" tabindex="9"> <p class="categoryLinkOutput"><span class="menuItemLabel lowerLevelMenuListItem">pharmacy medicines</span></p> </a> <span data-icon="5" aria-hidden="true" class="globalNavArrow hide"></span> <div id="subcategoryLink_1590591_1595014_2711685" class="subcategoryMenu" data-parent="departmentMenu_1590591_1595014" style="top:0"> </div> </li> <li class="categoryMenuListItem"> <a id="categoryLink_1590591_1595014_1595028" onfocus="addBackgroundColourOnFocus(this)" onblur="removeBackgroundColourOnFocus(this)" aria-label="link" href="javascript:;" name="Supermenu:Shop by department:health &amp; pharmacy:medicines &amp; treatments" title="medicines &amp; treatments" class="menuLink categoryLinkItem anchorDataToggle" role="menuitem" data-toggle="subcategoryLink_1590591_1595014_1595028" tabindex="9"> <p class="categoryLinkOutput"><span class="menuItemLabel lowerLevelMenuListItem">medicines &amp; treatments</span></p> </a> <span data-icon="5" aria-hidden="true" class="globalNavArrow"></span> <div id="subcategoryLink_1590591_1595014_1595028" class="subcategoryMenu" role="menu" data-parent="departmentMenu_1590591_1595014" style="top:0"> <ul id="subcategoryList" class="subcategoryList"> <li class="mobileNavBackButtons" onclick="toggle(document.getElementById(&quot;subcategoryLink_1590591_1595014_1595028&quot;)),setUpMobileBurgerMenu(this,&quot;subcategoryLink_1590591_1595014_1595028&quot;)"> <span data-icon="4" aria-hidden="true" class="mobileBackArrow"></span> <a class="mobileBackLink" tabindex="10"> <span class="menuItemLabel lowerLevelMenuListItem">medicines &amp; treatments</span> </a> </li> <li> <a id="categoryLink_1590591_1595014_1595028" name="Supermenu:Shop by department:health &amp; pharmacy:View all medicines &amp; treatments" onfocus="addBackgroundColourOnFocus(this)" onclick="analyticsJS.headObjectEventGtm(&quot;Shop by department : health &amp; pharmacy : visit medicines &amp; treatments&quot;)" onblur="removeBackgroundColourOnFocus(this)" href="https://www.boots.com/health-pharmacy/medicines-treatments" tabindex="10" class="viewAllHeader"> <p class="subcategoryLinkOutput"><span class="menuItemLabel lowerLevelMenuListItem">visit&nbsp;medicines &amp; treatments</span></p> </a> </li> </ul> </div> </li> <li class="categoryMenuListItem"> <a id="categoryLink_1590591_1595014_1595079" onfocus="addBackgroundColourOnFocus(this)" onblur="removeBackgroundColourOnFocus(this)" aria-label="link" href="javascript:;" name="Supermenu:Shop by department:health &amp; pharmacy:sexual pleasure &amp; wellbeing" title="sexual pleasure &amp; wellbeing" class="menuLink categoryLinkItem anchorDataToggle" role="menuitem" data-toggle="subcategoryLink_1590591_1595014_1595079" tabindex="9"> <p class="categoryLinkOutput"><span class="menuItemLabel lowerLevelMenuListItem">sexual pleasure &amp; wellbeing</span></p> </a> <span data-icon="5" aria-hidden="true" class="globalNavArrow"></span> <div id="subcategoryLink_1590591_1595014_1595079" class="subcategoryMenu" role="menu" data-parent="departmentMenu_1590591_1595014" style="top:0"> <ul id="subcategoryList" class="subcategoryList"> <li class="mobileNavBackButtons" onclick="toggle(document.getElementById(&quot;subcategoryLink_1590591_1595014_1595079&quot;)),setUpMobileBurgerMenu(this,&quot;subcategoryLink_1590591_1595014_1595079&quot;)"> <span data-icon="4" aria-hidden="true" class="mobileBackArrow"></span> <a class="mobileBackLink" tabindex="10"> <span class="menuItemLabel lowerLevelMenuListItem">sexual pleasure &amp; wellbeing</span> </a> </li> <li> <a id="categoryLink_1590591_1595014_1595079" name="Supermenu:Shop by department:health &amp; pharmacy:View all sexual pleasure &amp; wellbeing" onfocus="addBackgroundColourOnFocus(this)" onclick="analyticsJS.headObjectEventGtm(&quot;Shop by department : health &amp; pharmacy : visit sexual pleasure &amp; wellbeing&quot;)" onblur="removeBackgroundColourOnFocus(this)" href="https://www.boots.com/health-pharmacy/condoms-sexual-health" tabindex="10" class="viewAllHeader"> <p class="subcategoryLinkOutput"><span class="menuItemLabel lowerLevelMenuListItem">visit&nbsp;sexual pleasure &amp; wellbeing</span></p> </a> </li> </ul> </div> </li> <li class="categoryMenuListItem"> <a id="categoryLink_1590591_1595014_1610092" onfocus="addBackgroundColourOnFocus(this)" onblur="removeBackgroundColourOnFocus(this)" aria-label="link" href="https://www.boots.com/health-pharmacy/new-in-health" name="Supermenu:Shop by department:health &amp; pharmacy:new in health" title="new in health" class="menuLink categoryLinkItem anchorDataToggle" role="menuitem" data-toggle="subcategoryMenu" onclick="analyticsJS.headObjectEventGtm(&quot;Shop by department:health &amp; pharmacy:new in health&quot;)" tabindex="9"> <p class="categoryLinkOutput"><span class="menuItemLabel lowerLevelMenuListItem">new in health</span></p> </a> <span data-icon="5" aria-hidden="true" class="globalNavArrow hide"></span> <div id="subcategoryLink_1590591_1595014_1610092" class="subcategoryMenu" data-parent="departmentMenu_1590591_1595014" style="top:0"> </div> </li> <li class="categoryMenuListItem"> <a id="categoryLink_1590591_1595014_1595025" onfocus="addBackgroundColourOnFocus(this)" onblur="removeBackgroundColourOnFocus(this)" aria-label="link" href="javascript:;" name="Supermenu:Shop by department:health &amp; pharmacy:baby &amp; child health" title="baby &amp; child health" class="menuLink categoryLinkItem anchorDataToggle" role="menuitem" data-toggle="subcategoryLink_1590591_1595014_1595025" tabindex="9"> <p class="categoryLinkOutput"><span class="menuItemLabel lowerLevelMenuListItem">baby &amp; child health</span></p> </a> <span data-icon="5" aria-hidden="true" class="globalNavArrow"></span> <div id="subcategoryLink_1590591_1595014_1595025" class="subcategoryMenu" role="menu" data-parent="departmentMenu_1590591_1595014" style="top:0"> <ul id="subcategoryList" class="subcategoryList"> <li class="mobileNavBackButtons" onclick="toggle(document.getElementById(&quot;subcategoryLink_1590591_1595014_1595025&quot;)),setUpMobileBurgerMenu(this,&quot;subcategoryLink_1590591_1595014_1595025&quot;)"> <span data-icon="4" aria-hidden="true" class="mobileBackArrow"></span> <a class="mobileBackLink" tabindex="10"> <span class="menuItemLabel lowerLevelMenuListItem">baby &amp; child health</span> </a> </li> <li> <a id="categoryLink_1590591_1595014_1595025" name="Supermenu:Shop by department:health &amp; pharmacy:View all baby &amp; child health" onfocus="addBackgroundColourOnFocus(this)" onclick="analyticsJS.headObjectEventGtm(&quot;Shop by department : health &amp; pharmacy : visit baby &amp; child health&quot;)" onblur="removeBackgroundColourOnFocus(this)" href="https://www.boots.com/health-pharmacy/baby-child-health" tabindex="10" class="viewAllHeader"> <p class="subcategoryLinkOutput"><span class="menuItemLabel lowerLevelMenuListItem">visit&nbsp;baby &amp; child health</span></p> </a> </li> </ul> </div> </li> <li class="categoryMenuListItem"> <a id="categoryLink_1590591_1595014_1595029" onfocus="addBackgroundColourOnFocus(this)" onblur="removeBackgroundColourOnFocus(this)" aria-label="link" href="javascript:;" name="Supermenu:Shop by department:health &amp; pharmacy:men's health" title="men's health" class="menuLink categoryLinkItem anchorDataToggle" role="menuitem" data-toggle="subcategoryLink_1590591_1595014_1595029" tabindex="9"> <p class="categoryLinkOutput"><span class="menuItemLabel lowerLevelMenuListItem">men's health</span></p> </a> <span data-icon="5" aria-hidden="true" class="globalNavArrow"></span> <div id="subcategoryLink_1590591_1595014_1595029" class="subcategoryMenu" role="menu" data-parent="departmentMenu_1590591_1595014" style="top:0"> <ul id="subcategoryList" class="subcategoryList"> <li class="mobileNavBackButtons" onclick="toggle(document.getElementById(&quot;subcategoryLink_1590591_1595014_1595029&quot;)),setUpMobileBurgerMenu(this,&quot;subcategoryLink_1590591_1595014_1595029&quot;)"> <span data-icon="4" aria-hidden="true" class="mobileBackArrow"></span> <a class="mobileBackLink" tabindex="10"> <span class="menuItemLabel lowerLevelMenuListItem">men's health</span> </a> </li> <li> <a id="categoryLink_1590591_1595014_1595029" name="Supermenu:Shop by department:health &amp; pharmacy:View all men's health" onfocus="addBackgroundColourOnFocus(this)" onclick="analyticsJS.headObjectEventGtm('Shop by department : health &amp; pharmacy : visit men's health' );" onblur="removeBackgroundColourOnFocus(this)" href="https://www.boots.com/health-pharmacy/menshealth" tabindex="10" class="viewAllHeader"> <p class="subcategoryLinkOutput"><span class="menuItemLabel lowerLevelMenuListItem">visit&nbsp;men's health</span></p> </a> </li> </ul> </div> </li> <li class="categoryMenuListItem"> <a id="categoryLink_1590591_1595014_1595032" onfocus="addBackgroundColourOnFocus(this)" onblur="removeBackgroundColourOnFocus(this)" aria-label="link" href="javascript:;" name="Supermenu:Shop by department:health &amp; pharmacy:women's health" title="women's health" class="menuLink categoryLinkItem anchorDataToggle" role="menuitem" data-toggle="subcategoryLink_1590591_1595014_1595032" tabindex="9"> <p class="categoryLinkOutput"><span class="menuItemLabel lowerLevelMenuListItem">women's health</span></p> </a> <span data-icon="5" aria-hidden="true" class="globalNavArrow"></span> <div id="subcategoryLink_1590591_1595014_1595032" class="subcategoryMenu" role="menu" data-parent="departmentMenu_1590591_1595014" style="top:0"> <ul id="subcategoryList" class="subcategoryList"> <li class="mobileNavBackButtons" onclick="toggle(document.getElementById(&quot;subcategoryLink_1590591_1595014_1595032&quot;)),setUpMobileBurgerMenu(this,&quot;subcategoryLink_1590591_1595014_1595032&quot;)"> <span data-icon="4" aria-hidden="true" class="mobileBackArrow"></span> <a class="mobileBackLink" tabindex="10"> <span class="menuItemLabel lowerLevelMenuListItem">women's health</span> </a> </li> <li> <a id="categoryLink_1590591_1595014_1595032" name="Supermenu:Shop by department:health &amp; pharmacy:View all women's health" onfocus="addBackgroundColourOnFocus(this)" onclick="analyticsJS.headObjectEventGtm('Shop by department : health &amp; pharmacy : visit women's health' );" onblur="removeBackgroundColourOnFocus(this)" href="https://www.boots.com/health-pharmacy/womenshealth" tabindex="10" class="viewAllHeader"> <p class="subcategoryLinkOutput"><span class="menuItemLabel lowerLevelMenuListItem">visit&nbsp;women's health</span></p> </a> </li> </ul> </div> </li> <li class="categoryMenuListItem"> <a id="categoryLink_1590591_1595014_1595031" onfocus="addBackgroundColourOnFocus(this)" onblur="removeBackgroundColourOnFocus(this)" aria-label="link" href="javascript:;" name="Supermenu:Shop by department:health &amp; pharmacy:travel health" title="travel health" class="menuLink categoryLinkItem anchorDataToggle" role="menuitem" data-toggle="subcategoryLink_1590591_1595014_1595031" tabindex="9"> <p class="categoryLinkOutput"><span class="menuItemLabel lowerLevelMenuListItem">travel health</span></p> </a> <span data-icon="5" aria-hidden="true" class="globalNavArrow"></span> <div id="subcategoryLink_1590591_1595014_1595031" class="subcategoryMenu" role="menu" data-parent="departmentMenu_1590591_1595014" style="top:0"> <ul id="subcategoryList" class="subcategoryList"> <li class="mobileNavBackButtons" onclick="toggle(document.getElementById(&quot;subcategoryLink_1590591_1595014_1595031&quot;)),setUpMobileBurgerMenu(this,&quot;subcategoryLink_1590591_1595014_1595031&quot;)"> <span data-icon="4" aria-hidden="true" class="mobileBackArrow"></span> <a class="mobileBackLink" tabindex="10"> <span class="menuItemLabel lowerLevelMenuListItem">travel health</span> </a> </li> <li> <a id="categoryLink_1590591_1595014_1595031" name="Supermenu:Shop by department:health &amp; pharmacy:View all travel health" onfocus="addBackgroundColourOnFocus(this)" onclick="analyticsJS.headObjectEventGtm(&quot;Shop by department : health &amp; pharmacy : visit travel health&quot;)" onblur="removeBackgroundColourOnFocus(this)" href="https://www.boots.com/health-pharmacy/travel-health" tabindex="10" class="viewAllHeader"> <p class="subcategoryLinkOutput"><span class="menuItemLabel lowerLevelMenuListItem">visit&nbsp;travel health</span></p> </a> </li> </ul> </div> </li> <li class="categoryMenuListItem"> <a id="categoryLink_1590591_1595014_1595087" onfocus="addBackgroundColourOnFocus(this)" onblur="removeBackgroundColourOnFocus(this)" aria-label="link" href="javascript:;" name="Supermenu:Shop by department:health &amp; pharmacy:incontinence" title="incontinence" class="menuLink categoryLinkItem anchorDataToggle" role="menuitem" data-toggle="subcategoryLink_1590591_1595014_1595087" tabindex="9"> <p class="categoryLinkOutput"><span class="menuItemLabel lowerLevelMenuListItem">incontinence</span></p> </a> <span data-icon="5" aria-hidden="true" class="globalNavArrow"></span> <div id="subcategoryLink_1590591_1595014_1595087" class="subcategoryMenu" role="menu" data-parent="departmentMenu_1590591_1595014" style="top:0"> <ul id="subcategoryList" class="subcategoryList"> <li class="mobileNavBackButtons" onclick="toggle(document.getElementById(&quot;subcategoryLink_1590591_1595014_1595087&quot;)),setUpMobileBurgerMenu(this,&quot;subcategoryLink_1590591_1595014_1595087&quot;)"> <span data-icon="4" aria-hidden="true" class="mobileBackArrow"></span> <a class="mobileBackLink" tabindex="10"> <span class="menuItemLabel lowerLevelMenuListItem">incontinence</span> </a> </li> <li> <a id="categoryLink_1590591_1595014_1595087" name="Supermenu:Shop by department:health &amp; pharmacy:View all incontinence" onfocus="addBackgroundColourOnFocus(this)" onclick="analyticsJS.headObjectEventGtm(&quot;Shop by department : health &amp; pharmacy : visit incontinence&quot;)" onblur="removeBackgroundColourOnFocus(this)" href="https://www.boots.com/health-pharmacy/incontinence" tabindex="10" class="viewAllHeader"> <p class="subcategoryLinkOutput"><span class="menuItemLabel lowerLevelMenuListItem">visit&nbsp;incontinence</span></p> </a> </li> </ul> </div> </li> <li class="categoryMenuListItem"> <a id="categoryLink_1590591_1595014_1943681" onfocus="addBackgroundColourOnFocus(this)" onblur="removeBackgroundColourOnFocus(this)" aria-label="link" href="javascript:;" name="Supermenu:Shop by department:health &amp; pharmacy:health value packs &amp; bundles" title="health value packs &amp; bundles" class="menuLink categoryLinkItem anchorDataToggle" role="menuitem" data-toggle="subcategoryLink_1590591_1595014_1943681" tabindex="9"> <p class="categoryLinkOutput"><span class="menuItemLabel lowerLevelMenuListItem">health value packs &amp; bundles</span></p> </a> <span data-icon="5" aria-hidden="true" class="globalNavArrow"></span> <div id="subcategoryLink_1590591_1595014_1943681" class="subcategoryMenu" role="menu" data-parent="departmentMenu_1590591_1595014" style="top:0"> <ul id="subcategoryList" class="subcategoryList"> <li class="mobileNavBackButtons" onclick="toggle(document.getElementById(&quot;subcategoryLink_1590591_1595014_1943681&quot;)),setUpMobileBurgerMenu(this,&quot;subcategoryLink_1590591_1595014_1943681&quot;)"> <span data-icon="4" aria-hidden="true" class="mobileBackArrow"></span> <a class="mobileBackLink" tabindex="10"> <span class="menuItemLabel lowerLevelMenuListItem">health value packs &amp; bundles</span> </a> </li> <li> <a id="categoryLink_1590591_1595014_1943681" name="Supermenu:Shop by department:health &amp; pharmacy:View all health value packs &amp; bundles" onfocus="addBackgroundColourOnFocus(this)" onclick="analyticsJS.headObjectEventGtm(&quot;Shop by department : health &amp; pharmacy : visit health value packs &amp; bundles&quot;)" onblur="removeBackgroundColourOnFocus(this)" href="https://www.boots.com/health-pharmacy/health-value-packs-and-bundles" tabindex="10" class="viewAllHeader"> <p class="subcategoryLinkOutput"><span class="menuItemLabel lowerLevelMenuListItem">visit&nbsp;health value packs &amp; bundles</span></p> </a> </li> </ul> </div> </li> <li class="categoryMenuListItem"> <a id="categoryLink_1590591_1595014_1595083" onfocus="addBackgroundColourOnFocus(this)" onblur="removeBackgroundColourOnFocus(this)" aria-label="link" href="javascript:;" name="Supermenu:Shop by department:health &amp; pharmacy:electrical health &amp; diagnostics" title="electrical health &amp; diagnostics" class="menuLink categoryLinkItem anchorDataToggle" role="menuitem" data-toggle="subcategoryLink_1590591_1595014_1595083" tabindex="9"> <p class="categoryLinkOutput"><span class="menuItemLabel lowerLevelMenuListItem">electrical health &amp; diagnostics</span></p> </a> <span data-icon="5" aria-hidden="true" class="globalNavArrow"></span> <div id="subcategoryLink_1590591_1595014_1595083" class="subcategoryMenu" role="menu" data-parent="departmentMenu_1590591_1595014" style="top:0"> <ul id="subcategoryList" class="subcategoryList"> <li class="mobileNavBackButtons" onclick="toggle(document.getElementById(&quot;subcategoryLink_1590591_1595014_1595083&quot;)),setUpMobileBurgerMenu(this,&quot;subcategoryLink_1590591_1595014_1595083&quot;)"> <span data-icon="4" aria-hidden="true" class="mobileBackArrow"></span> <a class="mobileBackLink" tabindex="10"> <span class="menuItemLabel lowerLevelMenuListItem">electrical health &amp; diagnostics</span> </a> </li> <li> <a id="categoryLink_1590591_1595014_1595083" name="Supermenu:Shop by department:health &amp; pharmacy:View all electrical health &amp; diagnostics" onfocus="addBackgroundColourOnFocus(this)" onclick="analyticsJS.headObjectEventGtm(&quot;Shop by department : health &amp; pharmacy : visit electrical health &amp; diagnostics&quot;)" onblur="removeBackgroundColourOnFocus(this)" href="https://www.boots.com/health-pharmacy/electrical-health-diagnostics" tabindex="10" class="viewAllHeader"> <p class="subcategoryLinkOutput"><span class="menuItemLabel lowerLevelMenuListItem">visit&nbsp;electrical health &amp; diagnostics</span></p> </a> </li> </ul> </div> </li> <li class="categoryMenuListItem"> <a id="categoryLink_1590591_1595014_1595030" onfocus="addBackgroundColourOnFocus(this)" onblur="removeBackgroundColourOnFocus(this)" aria-label="link" href="javascript:;" name="Supermenu:Shop by department:health &amp; pharmacy:mobility &amp; daily living aids" title="mobility &amp; daily living aids" class="menuLink categoryLinkItem anchorDataToggle" role="menuitem" data-toggle="subcategoryLink_1590591_1595014_1595030" tabindex="9"> <p class="categoryLinkOutput"><span class="menuItemLabel lowerLevelMenuListItem">mobility &amp; daily living aids</span></p> </a> <span data-icon="5" aria-hidden="true" class="globalNavArrow"></span> <div id="subcategoryLink_1590591_1595014_1595030" class="subcategoryMenu" role="menu" data-parent="departmentMenu_1590591_1595014" style="top:0"> <ul id="subcategoryList" class="subcategoryList"> <li class="mobileNavBackButtons" onclick="toggle(document.getElementById(&quot;subcategoryLink_1590591_1595014_1595030&quot;)),setUpMobileBurgerMenu(this,&quot;subcategoryLink_1590591_1595014_1595030&quot;)"> <span data-icon="4" aria-hidden="true" class="mobileBackArrow"></span> <a class="mobileBackLink" tabindex="10"> <span class="menuItemLabel lowerLevelMenuListItem">mobility &amp; daily living aids</span> </a> </li> <li> <a id="categoryLink_1590591_1595014_1595030" name="Supermenu:Shop by department:health &amp; pharmacy:View all mobility &amp; daily living aids" onfocus="addBackgroundColourOnFocus(this)" onclick="analyticsJS.headObjectEventGtm(&quot;Shop by department : health &amp; pharmacy : visit mobility &amp; daily living aids&quot;)" onblur="removeBackgroundColourOnFocus(this)" href="https://www.boots.com/health-pharmacy/livingaids" tabindex="10" class="viewAllHeader"> <p class="subcategoryLinkOutput"><span class="menuItemLabel lowerLevelMenuListItem">visit&nbsp;mobility &amp; daily living aids</span></p> </a> </li> </ul> </div> </li> <li class="categoryMenuListItem"> <a id="categoryLink_1590591_1595014_1595027" onfocus="addBackgroundColourOnFocus(this)" onblur="removeBackgroundColourOnFocus(this)" aria-label="link" href="javascript:;" name="Supermenu:Shop by department:health &amp; pharmacy:lifestyle &amp; wellbeing" title="lifestyle &amp; wellbeing" class="menuLink categoryLinkItem anchorDataToggle" role="menuitem" data-toggle="subcategoryLink_1590591_1595014_1595027" tabindex="9"> <p class="categoryLinkOutput"><span class="menuItemLabel lowerLevelMenuListItem">lifestyle &amp; wellbeing</span></p> </a> <span data-icon="5" aria-hidden="true" class="globalNavArrow"></span> <div id="subcategoryLink_1590591_1595014_1595027" class="subcategoryMenu" role="menu" data-parent="departmentMenu_1590591_1595014" style="top:0"> <ul id="subcategoryList" class="subcategoryList"> <li class="mobileNavBackButtons" onclick="toggle(document.getElementById(&quot;subcategoryLink_1590591_1595014_1595027&quot;)),setUpMobileBurgerMenu(this,&quot;subcategoryLink_1590591_1595014_1595027&quot;)"> <span data-icon="4" aria-hidden="true" class="mobileBackArrow"></span> <a class="mobileBackLink" tabindex="10"> <span class="menuItemLabel lowerLevelMenuListItem">lifestyle &amp; wellbeing</span> </a> </li> <li> <a id="categoryLink_1590591_1595014_1595027" name="Supermenu:Shop by department:health &amp; pharmacy:View all lifestyle &amp; wellbeing" onfocus="addBackgroundColourOnFocus(this)" onclick="analyticsJS.headObjectEventGtm(&quot;Shop by department : health &amp; pharmacy : visit lifestyle &amp; wellbeing&quot;)" onblur="removeBackgroundColourOnFocus(this)" href="https://www.boots.com/health-pharmacy/lifestyle-wellbeing" tabindex="10" class="viewAllHeader"> <p class="subcategoryLinkOutput"><span class="menuItemLabel lowerLevelMenuListItem">visit&nbsp;lifestyle &amp; wellbeing</span></p> </a> </li> </ul> </div> </li> <li class="categoryMenuListItem"> <a id="categoryLink_1590591_1595014_2621700" onfocus="addBackgroundColourOnFocus(this)" onblur="removeBackgroundColourOnFocus(this)" aria-label="link" href="https://www.boots.com/health-pharmacy/reusable-and-disposable-face-masks" name="Supermenu:Shop by department:health &amp; pharmacy:reusable &amp; disposable face masks" title="reusable &amp; disposable face masks" class="menuLink categoryLinkItem anchorDataToggle" role="menuitem" data-toggle="subcategoryMenu" onclick="analyticsJS.headObjectEventGtm(&quot;Shop by department:health &amp; pharmacy:reusable &amp; disposable face masks&quot;)" tabindex="9"> <p class="categoryLinkOutput"><span class="menuItemLabel lowerLevelMenuListItem">reusable &amp; disposable face masks</span></p> </a> <span data-icon="5" aria-hidden="true" class="globalNavArrow hide"></span> <div id="subcategoryLink_1590591_1595014_2621700" class="subcategoryMenu" data-parent="departmentMenu_1590591_1595014" style="top:0"> </div> </li> <li class="categoryMenuListItem"> <a id="categoryLink_1590591_1595014_2534688" onfocus="addBackgroundColourOnFocus(this)" onblur="removeBackgroundColourOnFocus(this)" aria-label="link" href="javascript:;" name="Supermenu:Shop by department:health &amp; pharmacy:COVID-19 Information Products &amp; Testing" title="COVID-19 Information Products &amp; Testing" class="menuLink categoryLinkItem anchorDataToggle" role="menuitem" data-toggle="subcategoryLink_1590591_1595014_2534688" tabindex="9"> <p class="categoryLinkOutput"><span class="menuItemLabel lowerLevelMenuListItem">COVID-19 Information Products &amp; Testing</span></p> </a> <span data-icon="5" aria-hidden="true" class="globalNavArrow"></span> <div id="subcategoryLink_1590591_1595014_2534688" class="subcategoryMenu" role="menu" data-parent="departmentMenu_1590591_1595014" style="top:0"> <ul id="subcategoryList" class="subcategoryList"> <li class="mobileNavBackButtons" onclick="toggle(document.getElementById(&quot;subcategoryLink_1590591_1595014_2534688&quot;)),setUpMobileBurgerMenu(this,&quot;subcategoryLink_1590591_1595014_2534688&quot;)"> <span data-icon="4" aria-hidden="true" class="mobileBackArrow"></span> <a class="mobileBackLink" tabindex="10"> <span class="menuItemLabel lowerLevelMenuListItem">COVID-19 Information Products &amp; Testing</span> </a> </li> <li> <a id="categoryLink_1590591_1595014_2534688" name="Supermenu:Shop by department:health &amp; pharmacy:View all COVID-19 Information Products &amp; Testing" onfocus="addBackgroundColourOnFocus(this)" onclick="analyticsJS.headObjectEventGtm(&quot;Shop by department : health &amp; pharmacy : visit COVID-19 Information Products &amp; Testing&quot;)" onblur="removeBackgroundColourOnFocus(this)" href="https://www.boots.com/health-pharmacy/covid-19-information-products-and-testing" tabindex="10" class="viewAllHeader"> <p class="subcategoryLinkOutput"><span class="menuItemLabel lowerLevelMenuListItem">visit&nbsp;covid-19 information products &amp; testing</span></p> </a> </li> </ul> </div> </li> </ul> </div> </li> <li class="departmentMenuListItem"> <a id="departmentLink_1595015" onfocus="addBackgroundColourOnFocus(this)" onblur="removeBackgroundColourOnFocus(this)" name="Supermenu:Shop by department:beauty &amp; skincare" title="beauty &amp; skincare" href="javascript:;" class="2 link menuLink departmentLinkItem anchorDataToggle" data-toggle="departmentMenu_1590591_1595015" role="menuitem" tabindex="8" aria-label="link, collapsed content"> <p class="departmentLinkOutput"><span class="menuItemLabel lowerLevelMenuListItem">beauty &amp; skincare</span></p> </a> <span data-icon="5" aria-hidden="true" class="globalNavArrow" id="departmenrGlobalNavArrow"></span> <div id="departmentMenu_1590591_1595015" class="departmentMenu departmentList" role="menu" data-parent="departmentMenu" data-id="1595015" aria-label="beauty &amp; skincare" style="top:65px" data-espot-show="ESpot_beauty"> <ul id="catergoryList" class="categoryList" data-parent="departmentMenu" data-toggle="departmentMenu_1590591_1595015" style="top:-65px"> <li class="mobileNavBackButtons" onclick="toggle(document.getElementById(&quot;departmentMenu_1590591_1595015&quot;)),setUpMobileBurgerMenu(this,&quot;catergoryList&quot;)"> <span data-icon="4" aria-hidden="true" class="mobileBackArrow"></span> <a class="mobileBackLink" tabindex="9"> <span class="menuItemLabel lowerLevelMenuListItem">beauty &amp; skincare</span> </a> </li> <li class="categoryMenuListItem"> <a id="departmentLink_1595015_view_all" onfocus="addBackgroundColourOnFocus(this)" onblur="removeBackgroundColourOnFocus(this)" onclick="analyticsJS.headObjectEventGtm(&quot;Shop by department : visit beauty &amp; skincare&quot;)" name="Supermenu:Shop by department:View all beauty &amp; skincare" href="https://www.boots.com/beauty" class="viewAllHeader" role="menuitem" tabindex="9" data-toggle="subcategoryMenu"> <p class="categoryLinkOutput"><span class="menuItemLabel lowerLevelMenuListItem">visit&nbsp;beauty &amp; skincare</span></p> </a> </li> <li class="categoryMenuListItem"> <a id="categoryLink_1590591_1595015_3176189" onfocus="addBackgroundColourOnFocus(this)" onblur="removeBackgroundColourOnFocus(this)" aria-label="link" href="https://www.boots.com/beauty/bootsbeauty" name="Supermenu:Shop by department:beauty &amp; skincare:Boots beauty store" title="Boots beauty store" class="menuLink categoryLinkItem anchorDataToggle" role="menuitem" data-toggle="subcategoryMenu" onclick="analyticsJS.headObjectEventGtm(&quot;Shop by department:beauty &amp; skincare:Boots beauty store&quot;)" tabindex="9"> <p class="categoryLinkOutput"><span class="menuItemLabel lowerLevelMenuListItem">Boots beauty store</span></p> </a> <span data-icon="5" aria-hidden="true" class="globalNavArrow hide"></span> <div id="subcategoryLink_1590591_1595015_3176189" class="subcategoryMenu" data-parent="departmentMenu_1590591_1595015" style="top:0"> </div> </li> <li class="categoryMenuListItem"> <a id="categoryLink_1590591_1595015_3261191" onfocus="addBackgroundColourOnFocus(this)" onblur="removeBackgroundColourOnFocus(this)" aria-label="link" href="https://www.boots.com/beauty/new-in-beauty" name="Supermenu:Shop by department:beauty &amp; skincare:new in beauty" title="new in beauty" class="menuLink categoryLinkItem anchorDataToggle" role="menuitem" data-toggle="subcategoryMenu" onclick="analyticsJS.headObjectEventGtm(&quot;Shop by department:beauty &amp; skincare:new in beauty&quot;)" tabindex="9"> <p class="categoryLinkOutput"><span class="menuItemLabel lowerLevelMenuListItem">new in beauty</span></p> </a> <span data-icon="5" aria-hidden="true" class="globalNavArrow hide"></span> <div id="subcategoryLink_1590591_1595015_3261191" class="subcategoryMenu" data-parent="departmentMenu_1590591_1595015" style="top:0"> </div> </li> <li class="categoryMenuListItem"> <a id="categoryLink_1590591_1595015_1611239" onfocus="addBackgroundColourOnFocus(this)" onblur="removeBackgroundColourOnFocus(this)" aria-label="link" href="javascript:;" name="Supermenu:Shop by department:beauty &amp; skincare:No7" title="No7" class="menuLink categoryLinkItem anchorDataToggle" role="menuitem" data-toggle="subcategoryLink_1590591_1595015_1611239" tabindex="9"> <p class="categoryLinkOutput"><span class="menuItemLabel lowerLevelMenuListItem">No7</span></p> </a> <span data-icon="5" aria-hidden="true" class="globalNavArrow"></span> <div id="subcategoryLink_1590591_1595015_1611239" class="subcategoryMenu" role="menu" data-parent="departmentMenu_1590591_1595015" style="top:0"> <ul id="subcategoryList" class="subcategoryList"> <li class="mobileNavBackButtons" onclick="toggle(document.getElementById(&quot;subcategoryLink_1590591_1595015_1611239&quot;)),setUpMobileBurgerMenu(this,&quot;subcategoryLink_1590591_1595015_1611239&quot;)"> <span data-icon="4" aria-hidden="true" class="mobileBackArrow"></span> <a class="mobileBackLink" tabindex="10"> <span class="menuItemLabel lowerLevelMenuListItem">No7</span> </a> </li> <li> <a id="categoryLink_1590591_1595015_1611239" name="Supermenu:Shop by department:beauty &amp; skincare:View all No7" onfocus="addBackgroundColourOnFocus(this)" onclick="analyticsJS.headObjectEventGtm(&quot;Shop by department : beauty &amp; skincare : visit No7&quot;)" onblur="removeBackgroundColourOnFocus(this)" href="https://www.boots.com/beauty/no7" tabindex="10" class="viewAllHeader"> <p class="subcategoryLinkOutput"><span class="menuItemLabel lowerLevelMenuListItem">visit&nbsp;no7</span></p> </a> </li> </ul> </div> </li> <li class="categoryMenuListItem"> <a id="categoryLink_1590591_1595015_2044679" onfocus="addBackgroundColourOnFocus(this)" onblur="removeBackgroundColourOnFocus(this)" aria-label="link" href="https://www.boots.com/beauty/all-beauty-and-skincare-brands" name="Supermenu:Shop by department:beauty &amp; skincare:brands" title="brands" class="menuLink categoryLinkItem anchorDataToggle" role="menuitem" data-toggle="subcategoryMenu" onclick="analyticsJS.headObjectEventGtm(&quot;Shop by department:beauty &amp; skincare:brands&quot;)" tabindex="9"> <p class="categoryLinkOutput"><span class="menuItemLabel lowerLevelMenuListItem">brands</span></p> </a> <span data-icon="5" aria-hidden="true" class="globalNavArrow hide"></span> <div id="subcategoryLink_1590591_1595015_2044679" class="subcategoryMenu" data-parent="departmentMenu_1590591_1595015" style="top:0"> </div> </li> <li class="categoryMenuListItem"> <a id="categoryLink_1590591_1595015_2139186" onfocus="addBackgroundColourOnFocus(this)" onblur="removeBackgroundColourOnFocus(this)" aria-label="link" href="javascript:;" name="Supermenu:Shop by department:beauty &amp; skincare:skincare" title="skincare" class="menuLink categoryLinkItem anchorDataToggle" role="menuitem" data-toggle="subcategoryLink_1590591_1595015_2139186" tabindex="9"> <p class="categoryLinkOutput"><span class="menuItemLabel lowerLevelMenuListItem">skincare</span></p> </a> <span data-icon="5" aria-hidden="true" class="globalNavArrow"></span> <div id="subcategoryLink_1590591_1595015_2139186" class="subcategoryMenu" role="menu" data-parent="departmentMenu_1590591_1595015" style="top:0"> <ul id="subcategoryList" class="subcategoryList"> <li class="mobileNavBackButtons" onclick="toggle(document.getElementById(&quot;subcategoryLink_1590591_1595015_2139186&quot;)),setUpMobileBurgerMenu(this,&quot;subcategoryLink_1590591_1595015_2139186&quot;)"> <span data-icon="4" aria-hidden="true" class="mobileBackArrow"></span> <a class="mobileBackLink" tabindex="10"> <span class="menuItemLabel lowerLevelMenuListItem">skincare</span> </a> </li> <li> <a id="categoryLink_1590591_1595015_2139186" name="Supermenu:Shop by department:beauty &amp; skincare:View all skincare" onfocus="addBackgroundColourOnFocus(this)" onclick="analyticsJS.headObjectEventGtm(&quot;Shop by department : beauty &amp; skincare : visit skincare&quot;)" onblur="removeBackgroundColourOnFocus(this)" href="https://www.boots.com/beauty/skincare" tabindex="10" class="viewAllHeader"> <p class="subcategoryLinkOutput"><span class="menuItemLabel lowerLevelMenuListItem">visit&nbsp;skincare</span></p> </a> </li> </ul> </div> </li> <li class="categoryMenuListItem"> <a id="categoryLink_1590591_1595015_1595036" onfocus="addBackgroundColourOnFocus(this)" onblur="removeBackgroundColourOnFocus(this)" aria-label="link" href="javascript:;" name="Supermenu:Shop by department:beauty &amp; skincare:makeup" title="makeup" class="menuLink categoryLinkItem anchorDataToggle" role="menuitem" data-toggle="subcategoryLink_1590591_1595015_1595036" tabindex="9"> <p class="categoryLinkOutput"><span class="menuItemLabel lowerLevelMenuListItem">makeup</span></p> </a> <span data-icon="5" aria-hidden="true" class="globalNavArrow"></span> <div id="subcategoryLink_1590591_1595015_1595036" class="subcategoryMenu" role="menu" data-parent="departmentMenu_1590591_1595015" style="top:0"> <ul id="subcategoryList" class="subcategoryList"> <li class="mobileNavBackButtons" onclick="toggle(document.getElementById(&quot;subcategoryLink_1590591_1595015_1595036&quot;)),setUpMobileBurgerMenu(this,&quot;subcategoryLink_1590591_1595015_1595036&quot;)"> <span data-icon="4" aria-hidden="true" class="mobileBackArrow"></span> <a class="mobileBackLink" tabindex="10"> <span class="menuItemLabel lowerLevelMenuListItem">makeup</span> </a> </li> <li> <a id="categoryLink_1590591_1595015_1595036" name="Supermenu:Shop by department:beauty &amp; skincare:View all makeup" onfocus="addBackgroundColourOnFocus(this)" onclick="analyticsJS.headObjectEventGtm(&quot;Shop by department : beauty &amp; skincare : visit makeup&quot;)" onblur="removeBackgroundColourOnFocus(this)" href="https://www.boots.com/beauty/makeup" tabindex="10" class="viewAllHeader"> <p class="subcategoryLinkOutput"><span class="menuItemLabel lowerLevelMenuListItem">visit&nbsp;makeup</span></p> </a> </li> </ul> </div> </li> <li class="categoryMenuListItem"> <a id="categoryLink_1590591_1595015_1603833" onfocus="addBackgroundColourOnFocus(this)" onblur="removeBackgroundColourOnFocus(this)" aria-label="link" href="javascript:;" name="Supermenu:Shop by department:beauty &amp; skincare:premium beauty &amp; skincare" title="premium beauty &amp; skincare" class="menuLink categoryLinkItem anchorDataToggle" role="menuitem" data-toggle="subcategoryLink_1590591_1595015_1603833" tabindex="9"> <p class="categoryLinkOutput"><span class="menuItemLabel lowerLevelMenuListItem">premium beauty &amp; skincare</span></p> </a> <span data-icon="5" aria-hidden="true" class="globalNavArrow"></span> <div id="subcategoryLink_1590591_1595015_1603833" class="subcategoryMenu" role="menu" data-parent="departmentMenu_1590591_1595015" style="top:0"> <ul id="subcategoryList" class="subcategoryList"> <li class="mobileNavBackButtons" onclick="toggle(document.getElementById(&quot;subcategoryLink_1590591_1595015_1603833&quot;)),setUpMobileBurgerMenu(this,&quot;subcategoryLink_1590591_1595015_1603833&quot;)"> <span data-icon="4" aria-hidden="true" class="mobileBackArrow"></span> <a class="mobileBackLink" tabindex="10"> <span class="menuItemLabel lowerLevelMenuListItem">premium beauty &amp; skincare</span> </a> </li> <li> <a id="categoryLink_1590591_1595015_1603833" name="Supermenu:Shop by department:beauty &amp; skincare:View all premium beauty &amp; skincare" onfocus="addBackgroundColourOnFocus(this)" onclick="analyticsJS.headObjectEventGtm(&quot;Shop by department : beauty &amp; skincare : visit premium beauty &amp; skincare&quot;)" onblur="removeBackgroundColourOnFocus(this)" href="https://www.boots.com/beauty/luxury-beauty-skincare" tabindex="10" class="viewAllHeader"> <p class="subcategoryLinkOutput"><span class="menuItemLabel lowerLevelMenuListItem">visit&nbsp;premium beauty &amp; skincare</span></p> </a> </li> </ul> </div> </li> <li class="categoryMenuListItem"> <a id="categoryLink_1590591_1595015_1595040" onfocus="addBackgroundColourOnFocus(this)" onblur="removeBackgroundColourOnFocus(this)" aria-label="link" href="javascript:;" name="Supermenu:Shop by department:beauty &amp; skincare:hair" title="hair" class="menuLink categoryLinkItem anchorDataToggle" role="menuitem" data-toggle="subcategoryLink_1590591_1595015_1595040" tabindex="9"> <p class="categoryLinkOutput"><span class="menuItemLabel lowerLevelMenuListItem">hair</span></p> </a> <span data-icon="5" aria-hidden="true" class="globalNavArrow"></span> <div id="subcategoryLink_1590591_1595015_1595040" class="subcategoryMenu" role="menu" data-parent="departmentMenu_1590591_1595015" style="top:0"> <ul id="subcategoryList" class="subcategoryList"> <li class="mobileNavBackButtons" onclick="toggle(document.getElementById(&quot;subcategoryLink_1590591_1595015_1595040&quot;)),setUpMobileBurgerMenu(this,&quot;subcategoryLink_1590591_1595015_1595040&quot;)"> <span data-icon="4" aria-hidden="true" class="mobileBackArrow"></span> <a class="mobileBackLink" tabindex="10"> <span class="menuItemLabel lowerLevelMenuListItem">hair</span> </a> </li> <li> <a id="categoryLink_1590591_1595015_1595040" name="Supermenu:Shop by department:beauty &amp; skincare:View all hair" onfocus="addBackgroundColourOnFocus(this)" onclick="analyticsJS.headObjectEventGtm(&quot;Shop by department : beauty &amp; skincare : visit hair&quot;)" onblur="removeBackgroundColourOnFocus(this)" href="https://www.boots.com/beauty/hair" tabindex="10" class="viewAllHeader"> <p class="subcategoryLinkOutput"><span class="menuItemLabel lowerLevelMenuListItem">visit&nbsp;hair</span></p> </a> </li> </ul> </div> </li> <li class="categoryMenuListItem"> <a id="categoryLink_1590591_1595015_1633630" onfocus="addBackgroundColourOnFocus(this)" onblur="removeBackgroundColourOnFocus(this)" aria-label="link" href="javascript:;" name="Supermenu:Shop by department:beauty &amp; skincare:accessories" title="accessories" class="menuLink categoryLinkItem anchorDataToggle" role="menuitem" data-toggle="subcategoryLink_1590591_1595015_1633630" tabindex="9"> <p class="categoryLinkOutput"><span class="menuItemLabel lowerLevelMenuListItem">accessories</span></p> </a> <span data-icon="5" aria-hidden="true" class="globalNavArrow"></span> <div id="subcategoryLink_1590591_1595015_1633630" class="subcategoryMenu" role="menu" data-parent="departmentMenu_1590591_1595015" style="top:0"> <ul id="subcategoryList" class="subcategoryList"> <li class="mobileNavBackButtons" onclick="toggle(document.getElementById(&quot;subcategoryLink_1590591_1595015_1633630&quot;)),setUpMobileBurgerMenu(this,&quot;subcategoryLink_1590591_1595015_1633630&quot;)"> <span data-icon="4" aria-hidden="true" class="mobileBackArrow"></span> <a class="mobileBackLink" tabindex="10"> <span class="menuItemLabel lowerLevelMenuListItem">accessories</span> </a> </li> <li> <a id="categoryLink_1590591_1595015_1633630" name="Supermenu:Shop by department:beauty &amp; skincare:View all accessories" onfocus="addBackgroundColourOnFocus(this)" onclick="analyticsJS.headObjectEventGtm(&quot;Shop by department : beauty &amp; skincare : visit accessories&quot;)" onblur="removeBackgroundColourOnFocus(this)" href="https://www.boots.com/beauty/beauty-accessories" tabindex="10" class="viewAllHeader"> <p class="subcategoryLinkOutput"><span class="menuItemLabel lowerLevelMenuListItem">visit&nbsp;accessories</span></p> </a> </li> </ul> </div> </li> <li class="categoryMenuListItem"> <a id="categoryLink_1590591_1595015_2596184" onfocus="addBackgroundColourOnFocus(this)" onblur="removeBackgroundColourOnFocus(this)" aria-label="link" href="https://www.boots.com/beauty/trending-products" name="Supermenu:Shop by department:beauty &amp; skincare:trending on social" title="trending on social" class="menuLink categoryLinkItem anchorDataToggle" role="menuitem" data-toggle="subcategoryMenu" onclick="analyticsJS.headObjectEventGtm(&quot;Shop by department:beauty &amp; skincare:trending on social&quot;)" tabindex="9"> <p class="categoryLinkOutput"><span class="menuItemLabel lowerLevelMenuListItem">trending on social</span></p> </a> <span data-icon="5" aria-hidden="true" class="globalNavArrow hide"></span> <div id="subcategoryLink_1590591_1595015_2596184" class="subcategoryMenu" data-parent="departmentMenu_1590591_1595015" style="top:0"> </div> </li> <li class="categoryMenuListItem"> <a id="categoryLink_1590591_1595015_2707209" onfocus="addBackgroundColourOnFocus(this)" onblur="removeBackgroundColourOnFocus(this)" aria-label="link" href="javascript:;" name="Supermenu:Shop by department:beauty &amp; skincare:black-founded &amp; inclusive brands" title="black-founded &amp; inclusive brands" class="menuLink categoryLinkItem anchorDataToggle" role="menuitem" data-toggle="subcategoryLink_1590591_1595015_2707209" tabindex="9"> <p class="categoryLinkOutput"><span class="menuItemLabel lowerLevelMenuListItem">black-founded &amp; inclusive brands</span></p> </a> <span data-icon="5" aria-hidden="true" class="globalNavArrow"></span> <div id="subcategoryLink_1590591_1595015_2707209" class="subcategoryMenu" role="menu" data-parent="departmentMenu_1590591_1595015" style="top:0"> <ul id="subcategoryList" class="subcategoryList"> <li class="mobileNavBackButtons" onclick="toggle(document.getElementById(&quot;subcategoryLink_1590591_1595015_2707209&quot;)),setUpMobileBurgerMenu(this,&quot;subcategoryLink_1590591_1595015_2707209&quot;)"> <span data-icon="4" aria-hidden="true" class="mobileBackArrow"></span> <a class="mobileBackLink" tabindex="10"> <span class="menuItemLabel lowerLevelMenuListItem">black-founded &amp; inclusive brands</span> </a> </li> <li> <a id="categoryLink_1590591_1595015_2707209" name="Supermenu:Shop by department:beauty &amp; skincare:View all black-founded &amp; inclusive brands" onfocus="addBackgroundColourOnFocus(this)" onclick="analyticsJS.headObjectEventGtm(&quot;Shop by department : beauty &amp; skincare : visit black-founded &amp; inclusive brands&quot;)" onblur="removeBackgroundColourOnFocus(this)" href="https://www.boots.com/beauty/black-founded-and-inclusive-brands" tabindex="10" class="viewAllHeader"> <p class="subcategoryLinkOutput"><span class="menuItemLabel lowerLevelMenuListItem">visit&nbsp;black-founded &amp; inclusive brands</span></p> </a> </li> </ul> </div> </li> <li class="categoryMenuListItem"> <a id="categoryLink_1590591_1595015_2149208" onfocus="addBackgroundColourOnFocus(this)" onblur="removeBackgroundColourOnFocus(this)" aria-label="link" href="https://www.boots.com/beauty/travel-beauty-minis" name="Supermenu:Shop by department:beauty &amp; skincare:travel size beauty minis" title="travel size beauty minis" class="menuLink categoryLinkItem anchorDataToggle" role="menuitem" data-toggle="subcategoryMenu" onclick="analyticsJS.headObjectEventGtm(&quot;Shop by department:beauty &amp; skincare:travel size beauty minis&quot;)" tabindex="9"> <p class="categoryLinkOutput"><span class="menuItemLabel lowerLevelMenuListItem">travel size beauty minis</span></p> </a> <span data-icon="5" aria-hidden="true" class="globalNavArrow hide"></span> <div id="subcategoryLink_1590591_1595015_2149208" class="subcategoryMenu" data-parent="departmentMenu_1590591_1595015" style="top:0"> </div> </li> <li class="categoryMenuListItem"> <a id="categoryLink_1590591_1595015_2715686" onfocus="addBackgroundColourOnFocus(this)" onblur="removeBackgroundColourOnFocus(this)" aria-label="link" href="https://www.boots.com/beauty/virtual-beauty" name="Supermenu:Shop by department:beauty &amp; skincare:virtual beauty" title="virtual beauty" class="menuLink categoryLinkItem anchorDataToggle" role="menuitem" data-toggle="subcategoryMenu" onclick="analyticsJS.headObjectEventGtm(&quot;Shop by department:beauty &amp; skincare:virtual beauty&quot;)" tabindex="9"> <p class="categoryLinkOutput"><span class="menuItemLabel lowerLevelMenuListItem">virtual beauty</span></p> </a> <span data-icon="5" aria-hidden="true" class="globalNavArrow hide"></span> <div id="subcategoryLink_1590591_1595015_2715686" class="subcategoryMenu" data-parent="departmentMenu_1590591_1595015" style="top:0"> </div> </li> <li class="categoryMenuListItem"> <a id="categoryLink_1590591_1595015_1943683" onfocus="addBackgroundColourOnFocus(this)" onblur="removeBackgroundColourOnFocus(this)" aria-label="link" href="https://www.boots.com/beauty/beauty-value-packs-and-bundles" name="Supermenu:Shop by department:beauty &amp; skincare:beauty value packs &amp; bundles" title="beauty value packs &amp; bundles" class="menuLink categoryLinkItem anchorDataToggle" role="menuitem" data-toggle="subcategoryMenu" onclick="analyticsJS.headObjectEventGtm(&quot;Shop by department:beauty &amp; skincare:beauty value packs &amp; bundles&quot;)" tabindex="9"> <p class="categoryLinkOutput"><span class="menuItemLabel lowerLevelMenuListItem">beauty value packs &amp; bundles</span></p> </a> <span data-icon="5" aria-hidden="true" class="globalNavArrow hide"></span> <div id="subcategoryLink_1590591_1595015_1943683" class="subcategoryMenu" data-parent="departmentMenu_1590591_1595015" style="top:0"> </div> </li> <li class="categoryMenuListItem"> <a id="categoryLink_1590591_1595015_1922692" onfocus="addBackgroundColourOnFocus(this)" onblur="removeBackgroundColourOnFocus(this)" aria-label="link" href="https://www.boots.com/beauty/vegan-range" name="Supermenu:Shop by department:beauty &amp; skincare:vegan beauty" title="vegan beauty" class="menuLink categoryLinkItem anchorDataToggle" role="menuitem" data-toggle="subcategoryMenu" onclick="analyticsJS.headObjectEventGtm(&quot;Shop by department:beauty &amp; skincare:vegan beauty&quot;)" tabindex="9"> <p class="categoryLinkOutput"><span class="menuItemLabel lowerLevelMenuListItem">vegan beauty</span></p> </a> <span data-icon="5" aria-hidden="true" class="globalNavArrow hide"></span> <div id="subcategoryLink_1590591_1595015_1922692" class="subcategoryMenu" data-parent="departmentMenu_1590591_1595015" style="top:0"> </div> </li> <li class="categoryMenuListItem"> <a id="categoryLink_1590591_1595015_2630181" onfocus="addBackgroundColourOnFocus(this)" onblur="removeBackgroundColourOnFocus(this)" aria-label="link" href="javascript:;" name="Supermenu:Shop by department:beauty &amp; skincare:beauty awards" title="beauty awards" class="menuLink categoryLinkItem anchorDataToggle" role="menuitem" data-toggle="subcategoryLink_1590591_1595015_2630181" tabindex="9"> <p class="categoryLinkOutput"><span class="menuItemLabel lowerLevelMenuListItem">beauty awards</span></p> </a> <span data-icon="5" aria-hidden="true" class="globalNavArrow"></span> <div id="subcategoryLink_1590591_1595015_2630181" class="subcategoryMenu" role="menu" data-parent="departmentMenu_1590591_1595015" style="top:0"> <ul id="subcategoryList" class="subcategoryList"> <li class="mobileNavBackButtons" onclick="toggle(document.getElementById(&quot;subcategoryLink_1590591_1595015_2630181&quot;)),setUpMobileBurgerMenu(this,&quot;subcategoryLink_1590591_1595015_2630181&quot;)"> <span data-icon="4" aria-hidden="true" class="mobileBackArrow"></span> <a class="mobileBackLink" tabindex="10"> <span class="menuItemLabel lowerLevelMenuListItem">beauty awards</span> </a> </li> <li> <a id="categoryLink_1590591_1595015_2630181" name="Supermenu:Shop by department:beauty &amp; skincare:View all beauty awards" onfocus="addBackgroundColourOnFocus(this)" onclick="analyticsJS.headObjectEventGtm(&quot;Shop by department : beauty &amp; skincare : visit beauty awards&quot;)" onblur="removeBackgroundColourOnFocus(this)" href="https://www.boots.com/beauty/beauty-awards" tabindex="10" class="viewAllHeader"> <p class="subcategoryLinkOutput"><span class="menuItemLabel lowerLevelMenuListItem">visit&nbsp;beauty awards</span></p> </a> </li> </ul> </div> </li> <li class="categoryMenuListItem"> <a id="categoryLink_1590591_1595015_2149209" onfocus="addBackgroundColourOnFocus(this)" onblur="removeBackgroundColourOnFocus(this)" aria-label="link" href="javascript:;" name="Supermenu:Shop by department:beauty &amp; skincare:top 10" title="top 10" class="menuLink categoryLinkItem anchorDataToggle" role="menuitem" data-toggle="subcategoryLink_1590591_1595015_2149209" tabindex="9"> <p class="categoryLinkOutput"><span class="menuItemLabel lowerLevelMenuListItem">top 10</span></p> </a> <span data-icon="5" aria-hidden="true" class="globalNavArrow"></span> <div id="subcategoryLink_1590591_1595015_2149209" class="subcategoryMenu" role="menu" data-parent="departmentMenu_1590591_1595015" style="top:0"> <ul id="subcategoryList" class="subcategoryList"> <li class="mobileNavBackButtons" onclick="toggle(document.getElementById(&quot;subcategoryLink_1590591_1595015_2149209&quot;)),setUpMobileBurgerMenu(this,&quot;subcategoryLink_1590591_1595015_2149209&quot;)"> <span data-icon="4" aria-hidden="true" class="mobileBackArrow"></span> <a class="mobileBackLink" tabindex="10"> <span class="menuItemLabel lowerLevelMenuListItem">top 10</span> </a> </li> <li> <a id="categoryLink_1590591_1595015_2149209" name="Supermenu:Shop by department:beauty &amp; skincare:View all top 10" onfocus="addBackgroundColourOnFocus(this)" onclick="analyticsJS.headObjectEventGtm(&quot;Shop by department : beauty &amp; skincare : visit top 10&quot;)" onblur="removeBackgroundColourOnFocus(this)" href="https://www.boots.com/beauty/recommended" tabindex="10" class="viewAllHeader"> <p class="subcategoryLinkOutput"><span class="menuItemLabel lowerLevelMenuListItem">visit&nbsp;top 10</span></p> </a> </li> </ul> </div> </li> <li class="categoryMenuListItem"> <a id="categoryLink_1590591_1595015_3059682" onfocus="addBackgroundColourOnFocus(this)" onblur="removeBackgroundColourOnFocus(this)" aria-label="link" href="https://www.boots.com/beauty/beauty-boxes" name="Supermenu:Shop by department:beauty &amp; skincare:beauty boxes" title="beauty boxes" class="menuLink categoryLinkItem anchorDataToggle" role="menuitem" data-toggle="subcategoryMenu" onclick="analyticsJS.headObjectEventGtm(&quot;Shop by department:beauty &amp; skincare:beauty boxes&quot;)" tabindex="9"> <p class="categoryLinkOutput"><span class="menuItemLabel lowerLevelMenuListItem">beauty boxes</span></p> </a> <span data-icon="5" aria-hidden="true" class="globalNavArrow hide"></span> <div id="subcategoryLink_1590591_1595015_3059682" class="subcategoryMenu" data-parent="departmentMenu_1590591_1595015" style="top:0"> </div> </li> </ul> </div> </li> <li class="departmentMenuListItem"> <a id="departmentLink_1595016" onfocus="addBackgroundColourOnFocus(this)" onblur="removeBackgroundColourOnFocus(this)" name="Supermenu:Shop by department:fragrance" title="fragrance" href="javascript:;" class="3 link menuLink departmentLinkItem anchorDataToggle" data-toggle="departmentMenu_1590591_1595016" role="menuitem" tabindex="8" aria-label="link, collapsed content"> <p class="departmentLinkOutput"><span class="menuItemLabel lowerLevelMenuListItem">fragrance</span></p> </a> <span data-icon="5" aria-hidden="true" class="globalNavArrow" id="departmenrGlobalNavArrow"></span> <div id="departmentMenu_1590591_1595016" class="departmentMenu departmentList" role="menu" data-parent="departmentMenu" data-id="1595016" aria-label="fragrance" style="top:65px" data-espot-show="ESpot_fragrance"> <ul id="catergoryList" class="categoryList" data-parent="departmentMenu" data-toggle="departmentMenu_1590591_1595016" style="top:-65px"> <li class="mobileNavBackButtons" onclick="toggle(document.getElementById(&quot;departmentMenu_1590591_1595016&quot;)),setUpMobileBurgerMenu(this,&quot;catergoryList&quot;)"> <span data-icon="4" aria-hidden="true" class="mobileBackArrow"></span> <a class="mobileBackLink" tabindex="9"> <span class="menuItemLabel lowerLevelMenuListItem">fragrance</span> </a> </li> <li class="categoryMenuListItem"> <a id="departmentLink_1595016_view_all" onfocus="addBackgroundColourOnFocus(this)" onblur="removeBackgroundColourOnFocus(this)" onclick="analyticsJS.headObjectEventGtm(&quot;Shop by department : visit fragrance&quot;)" name="Supermenu:Shop by department:View all fragrance" href="https://www.boots.com/fragrance" class="viewAllHeader" role="menuitem" tabindex="9" data-toggle="subcategoryMenu"> <p class="categoryLinkOutput"><span class="menuItemLabel lowerLevelMenuListItem">visit&nbsp;fragrance</span></p> </a> </li> <li class="categoryMenuListItem"> <a id="categoryLink_1590591_1595016_3375182" onfocus="addBackgroundColourOnFocus(this)" onblur="removeBackgroundColourOnFocus(this)" aria-label="link" href="https://www.boots.com/fragrance/shop-all-fragrance" name="Supermenu:Shop by department:fragrance:shop all fragrance" title="shop all fragrance" class="menuLink categoryLinkItem anchorDataToggle" role="menuitem" data-toggle="subcategoryMenu" onclick="analyticsJS.headObjectEventGtm(&quot;Shop by department:fragrance:shop all fragrance&quot;)" tabindex="9"> <p class="categoryLinkOutput"><span class="menuItemLabel lowerLevelMenuListItem">shop all fragrance</span></p> </a> <span data-icon="5" aria-hidden="true" class="globalNavArrow hide"></span> <div id="subcategoryLink_1590591_1595016_3375182" class="subcategoryMenu" data-parent="departmentMenu_1590591_1595016" style="top:0"> </div> </li> <li class="categoryMenuListItem"> <a id="categoryLink_1590591_1595016_1595046" onfocus="addBackgroundColourOnFocus(this)" onblur="removeBackgroundColourOnFocus(this)" aria-label="link" href="javascript:;" name="Supermenu:Shop by department:fragrance:fragrance offers" title="fragrance offers" class="menuLink categoryLinkItem anchorDataToggle" role="menuitem" data-toggle="subcategoryLink_1590591_1595016_1595046" tabindex="9"> <p class="categoryLinkOutput"><span class="menuItemLabel lowerLevelMenuListItem">fragrance offers</span></p> </a> <span data-icon="5" aria-hidden="true" class="globalNavArrow"></span> <div id="subcategoryLink_1590591_1595016_1595046" class="subcategoryMenu" role="menu" data-parent="departmentMenu_1590591_1595016" style="top:0"> <ul id="subcategoryList" class="subcategoryList"> <li class="mobileNavBackButtons" onclick="toggle(document.getElementById(&quot;subcategoryLink_1590591_1595016_1595046&quot;)),setUpMobileBurgerMenu(this,&quot;subcategoryLink_1590591_1595016_1595046&quot;)"> <span data-icon="4" aria-hidden="true" class="mobileBackArrow"></span> <a class="mobileBackLink" tabindex="10"> <span class="menuItemLabel lowerLevelMenuListItem">fragrance offers</span> </a> </li> <li> <a id="categoryLink_1590591_1595016_1595046" name="Supermenu:Shop by department:fragrance:View all fragrance offers" onfocus="addBackgroundColourOnFocus(this)" onclick="analyticsJS.headObjectEventGtm(&quot;Shop by department : fragrance : visit fragrance offers&quot;)" onblur="removeBackgroundColourOnFocus(this)" href="https://www.boots.com/fragrance/fragrance-offers" tabindex="10" class="viewAllHeader"> <p class="subcategoryLinkOutput"><span class="menuItemLabel lowerLevelMenuListItem">visit&nbsp;fragrance offers</span></p> </a> </li> </ul> </div> </li> <li class="categoryMenuListItem"> <a id="categoryLink_1590591_1595016_1595043" onfocus="addBackgroundColourOnFocus(this)" onblur="removeBackgroundColourOnFocus(this)" aria-label="link" href="javascript:;" name="Supermenu:Shop by department:fragrance:perfume" title="perfume" class="menuLink categoryLinkItem anchorDataToggle" role="menuitem" data-toggle="subcategoryLink_1590591_1595016_1595043" tabindex="9"> <p class="categoryLinkOutput"><span class="menuItemLabel lowerLevelMenuListItem">perfume</span></p> </a> <span data-icon="5" aria-hidden="true" class="globalNavArrow"></span> <div id="subcategoryLink_1590591_1595016_1595043" class="subcategoryMenu" role="menu" data-parent="departmentMenu_1590591_1595016" style="top:0"> <ul id="subcategoryList" class="subcategoryList"> <li class="mobileNavBackButtons" onclick="toggle(document.getElementById(&quot;subcategoryLink_1590591_1595016_1595043&quot;)),setUpMobileBurgerMenu(this,&quot;subcategoryLink_1590591_1595016_1595043&quot;)"> <span data-icon="4" aria-hidden="true" class="mobileBackArrow"></span> <a class="mobileBackLink" tabindex="10"> <span class="menuItemLabel lowerLevelMenuListItem">perfume</span> </a> </li> <li> <a id="categoryLink_1590591_1595016_1595043" name="Supermenu:Shop by department:fragrance:View all perfume" onfocus="addBackgroundColourOnFocus(this)" onclick="analyticsJS.headObjectEventGtm(&quot;Shop by department : fragrance : visit perfume&quot;)" onblur="removeBackgroundColourOnFocus(this)" href="https://www.boots.com/fragrance/perfume" tabindex="10" class="viewAllHeader"> <p class="subcategoryLinkOutput"><span class="menuItemLabel lowerLevelMenuListItem">visit&nbsp;perfume</span></p> </a> </li> </ul> </div> </li> <li class="categoryMenuListItem"> <a id="categoryLink_1590591_1595016_1595044" onfocus="addBackgroundColourOnFocus(this)" onblur="removeBackgroundColourOnFocus(this)" aria-label="link" href="javascript:;" name="Supermenu:Shop by department:fragrance:aftershave" title="aftershave" class="menuLink categoryLinkItem anchorDataToggle" role="menuitem" data-toggle="subcategoryLink_1590591_1595016_1595044" tabindex="9"> <p class="categoryLinkOutput"><span class="menuItemLabel lowerLevelMenuListItem">aftershave</span></p> </a> <span data-icon="5" aria-hidden="true" class="globalNavArrow"></span> <div id="subcategoryLink_1590591_1595016_1595044" class="subcategoryMenu" role="menu" data-parent="departmentMenu_1590591_1595016" style="top:0"> <ul id="subcategoryList" class="subcategoryList"> <li class="mobileNavBackButtons" onclick="toggle(document.getElementById(&quot;subcategoryLink_1590591_1595016_1595044&quot;)),setUpMobileBurgerMenu(this,&quot;subcategoryLink_1590591_1595016_1595044&quot;)"> <span data-icon="4" aria-hidden="true" class="mobileBackArrow"></span> <a class="mobileBackLink" tabindex="10"> <span class="menuItemLabel lowerLevelMenuListItem">aftershave</span> </a> </li> <li> <a id="categoryLink_1590591_1595016_1595044" name="Supermenu:Shop by department:fragrance:View all aftershave" onfocus="addBackgroundColourOnFocus(this)" onclick="analyticsJS.headObjectEventGtm(&quot;Shop by department : fragrance : visit aftershave&quot;)" onblur="removeBackgroundColourOnFocus(this)" href="https://www.boots.com/fragrance/aftershave" tabindex="10" class="viewAllHeader"> <p class="subcategoryLinkOutput"><span class="menuItemLabel lowerLevelMenuListItem">visit&nbsp;aftershave</span></p> </a> </li> </ul> </div> </li> <li class="categoryMenuListItem"> <a id="categoryLink_1590591_1595016_1595045" onfocus="addBackgroundColourOnFocus(this)" onblur="removeBackgroundColourOnFocus(this)" aria-label="link" href="javascript:;" name="Supermenu:Shop by department:fragrance:fragrance gift sets" title="fragrance gift sets" class="menuLink categoryLinkItem anchorDataToggle" role="menuitem" data-toggle="subcategoryLink_1590591_1595016_1595045" tabindex="9"> <p class="categoryLinkOutput"><span class="menuItemLabel lowerLevelMenuListItem">fragrance gift sets</span></p> </a> <span data-icon="5" aria-hidden="true" class="globalNavArrow"></span> <div id="subcategoryLink_1590591_1595016_1595045" class="subcategoryMenu" role="menu" data-parent="departmentMenu_1590591_1595016" style="top:0"> <ul id="subcategoryList" class="subcategoryList"> <li class="mobileNavBackButtons" onclick="toggle(document.getElementById(&quot;subcategoryLink_1590591_1595016_1595045&quot;)),setUpMobileBurgerMenu(this,&quot;subcategoryLink_1590591_1595016_1595045&quot;)"> <span data-icon="4" aria-hidden="true" class="mobileBackArrow"></span> <a class="mobileBackLink" tabindex="10"> <span class="menuItemLabel lowerLevelMenuListItem">fragrance gift sets</span> </a> </li> <li> <a id="categoryLink_1590591_1595016_1595045" name="Supermenu:Shop by department:fragrance:View all fragrance gift sets" onfocus="addBackgroundColourOnFocus(this)" onclick="analyticsJS.headObjectEventGtm(&quot;Shop by department : fragrance : visit fragrance gift sets&quot;)" onblur="removeBackgroundColourOnFocus(this)" href="https://www.boots.com/fragrance/fragrance-gift-sets" tabindex="10" class="viewAllHeader"> <p class="subcategoryLinkOutput"><span class="menuItemLabel lowerLevelMenuListItem">visit&nbsp;fragrance gift sets</span></p> </a> </li> </ul> </div> </li> <li class="categoryMenuListItem"> <a id="categoryLink_1590591_1595016_2843684" onfocus="addBackgroundColourOnFocus(this)" onblur="removeBackgroundColourOnFocus(this)" aria-label="link" href="https://www.boots.com/fragrance/boots-fragrance-finder" name="Supermenu:Shop by department:fragrance:fragrance finder" title="fragrance finder" class="menuLink categoryLinkItem anchorDataToggle" role="menuitem" data-toggle="subcategoryMenu" onclick="analyticsJS.headObjectEventGtm(&quot;Shop by department:fragrance:fragrance finder&quot;)" tabindex="9"> <p class="categoryLinkOutput"><span class="menuItemLabel lowerLevelMenuListItem">fragrance finder</span></p> </a> <span data-icon="5" aria-hidden="true" class="globalNavArrow hide"></span> <div id="subcategoryLink_1590591_1595016_2843684" class="subcategoryMenu" data-parent="departmentMenu_1590591_1595016" style="top:0"> </div> </li> <li class="categoryMenuListItem"> <a id="categoryLink_1590591_1595016_2079184" onfocus="addBackgroundColourOnFocus(this)" onblur="removeBackgroundColourOnFocus(this)" aria-label="link" href="https://www.boots.com/fragrance/top-rated-fragrance" name="Supermenu:Shop by department:fragrance:5* rated perfumes &amp; aftershaves" title="5* rated perfumes &amp; aftershaves" class="menuLink categoryLinkItem anchorDataToggle" role="menuitem" data-toggle="subcategoryMenu" onclick="analyticsJS.headObjectEventGtm(&quot;Shop by department:fragrance:5* rated perfumes &amp; aftershaves&quot;)" tabindex="9"> <p class="categoryLinkOutput"><span class="menuItemLabel lowerLevelMenuListItem">5* rated perfumes &amp; aftershaves</span></p> </a> <span data-icon="5" aria-hidden="true" class="globalNavArrow hide"></span> <div id="subcategoryLink_1590591_1595016_2079184" class="subcategoryMenu" data-parent="departmentMenu_1590591_1595016" style="top:0"> </div> </li> <li class="categoryMenuListItem"> <a id="categoryLink_1590591_1595016_2446184" onfocus="addBackgroundColourOnFocus(this)" onblur="removeBackgroundColourOnFocus(this)" aria-label="link" href="https://www.boots.com/fragrance/niche-fragrance" name="Supermenu:Shop by department:fragrance:niche fragrance" title="niche fragrance" class="menuLink categoryLinkItem anchorDataToggle" role="menuitem" data-toggle="subcategoryMenu" onclick="analyticsJS.headObjectEventGtm(&quot;Shop by department:fragrance:niche fragrance&quot;)" tabindex="9"> <p class="categoryLinkOutput"><span class="menuItemLabel lowerLevelMenuListItem">niche fragrance</span></p> </a> <span data-icon="5" aria-hidden="true" class="globalNavArrow hide"></span> <div id="subcategoryLink_1590591_1595016_2446184" class="subcategoryMenu" data-parent="departmentMenu_1590591_1595016" style="top:0"> </div> </li> <li class="categoryMenuListItem"> <a id="categoryLink_1590591_1595016_1603832" onfocus="addBackgroundColourOnFocus(this)" onblur="removeBackgroundColourOnFocus(this)" aria-label="link" href="https://www.boots.com/fragrance/luxury-fragrance" name="Supermenu:Shop by department:fragrance:luxury fragrance" title="luxury fragrance" class="menuLink categoryLinkItem anchorDataToggle" role="menuitem" data-toggle="subcategoryMenu" onclick="analyticsJS.headObjectEventGtm(&quot;Shop by department:fragrance:luxury fragrance&quot;)" tabindex="9"> <p class="categoryLinkOutput"><span class="menuItemLabel lowerLevelMenuListItem">luxury fragrance</span></p> </a> <span data-icon="5" aria-hidden="true" class="globalNavArrow hide"></span> <div id="subcategoryLink_1590591_1595016_1603832" class="subcategoryMenu" data-parent="departmentMenu_1590591_1595016" style="top:0"> </div> </li> <li class="categoryMenuListItem"> <a id="categoryLink_1590591_1595016_2024179" onfocus="addBackgroundColourOnFocus(this)" onblur="removeBackgroundColourOnFocus(this)" aria-label="link" href="https://www.boots.com/fragrance/all-fragrance-brands" name="Supermenu:Shop by department:fragrance:brands" title="brands" class="menuLink categoryLinkItem anchorDataToggle" role="menuitem" data-toggle="subcategoryMenu" onclick="analyticsJS.headObjectEventGtm(&quot;Shop by department:fragrance:brands&quot;)" tabindex="9"> <p class="categoryLinkOutput"><span class="menuItemLabel lowerLevelMenuListItem">brands</span></p> </a> <span data-icon="5" aria-hidden="true" class="globalNavArrow hide"></span> <div id="subcategoryLink_1590591_1595016_2024179" class="subcategoryMenu" data-parent="departmentMenu_1590591_1595016" style="top:0"> </div> </li> <li class="categoryMenuListItem"> <a id="categoryLink_1590591_1595016_2446179" onfocus="addBackgroundColourOnFocus(this)" onblur="removeBackgroundColourOnFocus(this)" aria-label="link" href="https://www.boots.com/fragrance/best-unisex-fragrances" name="Supermenu:Shop by department:fragrance:unisex fragrance" title="unisex fragrance" class="menuLink categoryLinkItem anchorDataToggle" role="menuitem" data-toggle="subcategoryMenu" onclick="analyticsJS.headObjectEventGtm(&quot;Shop by department:fragrance:unisex fragrance&quot;)" tabindex="9"> <p class="categoryLinkOutput"><span class="menuItemLabel lowerLevelMenuListItem">unisex fragrance</span></p> </a> <span data-icon="5" aria-hidden="true" class="globalNavArrow hide"></span> <div id="subcategoryLink_1590591_1595016_2446179" class="subcategoryMenu" data-parent="departmentMenu_1590591_1595016" style="top:0"> </div> </li> <li class="categoryMenuListItem"> <a id="categoryLink_1590591_1595016_1610103" onfocus="addBackgroundColourOnFocus(this)" onblur="removeBackgroundColourOnFocus(this)" aria-label="link" href="https://www.boots.com/fragrance/new-in-fragrance" name="Supermenu:Shop by department:fragrance:new in fragrance" title="new in fragrance" class="menuLink categoryLinkItem anchorDataToggle" role="menuitem" data-toggle="subcategoryMenu" onclick="analyticsJS.headObjectEventGtm(&quot;Shop by department:fragrance:new in fragrance&quot;)" tabindex="9"> <p class="categoryLinkOutput"><span class="menuItemLabel lowerLevelMenuListItem">new in fragrance</span></p> </a> <span data-icon="5" aria-hidden="true" class="globalNavArrow hide"></span> <div id="subcategoryLink_1590591_1595016_1610103" class="subcategoryMenu" data-parent="departmentMenu_1590591_1595016" style="top:0"> </div> </li> <li class="categoryMenuListItem"> <a id="categoryLink_1590591_1595016_1604110" onfocus="addBackgroundColourOnFocus(this)" onblur="removeBackgroundColourOnFocus(this)" aria-label="link" href="javascript:;" name="Supermenu:Shop by department:fragrance:home fragrance" title="home fragrance" class="menuLink categoryLinkItem anchorDataToggle" role="menuitem" data-toggle="subcategoryLink_1590591_1595016_1604110" tabindex="9"> <p class="categoryLinkOutput"><span class="menuItemLabel lowerLevelMenuListItem">home fragrance</span></p> </a> <span data-icon="5" aria-hidden="true" class="globalNavArrow"></span> <div id="subcategoryLink_1590591_1595016_1604110" class="subcategoryMenu" role="menu" data-parent="departmentMenu_1590591_1595016" style="top:0"> <ul id="subcategoryList" class="subcategoryList"> <li class="mobileNavBackButtons" onclick="toggle(document.getElementById(&quot;subcategoryLink_1590591_1595016_1604110&quot;)),setUpMobileBurgerMenu(this,&quot;subcategoryLink_1590591_1595016_1604110&quot;)"> <span data-icon="4" aria-hidden="true" class="mobileBackArrow"></span> <a class="mobileBackLink" tabindex="10"> <span class="menuItemLabel lowerLevelMenuListItem">home fragrance</span> </a> </li> <li> <a id="categoryLink_1590591_1595016_1604110" name="Supermenu:Shop by department:fragrance:View all home fragrance" onfocus="addBackgroundColourOnFocus(this)" onclick="analyticsJS.headObjectEventGtm(&quot;Shop by department : fragrance : visit home fragrance&quot;)" onblur="removeBackgroundColourOnFocus(this)" href="https://www.boots.com/fragrance/candles-home-fragrance-for-her" tabindex="10" class="viewAllHeader"> <p class="subcategoryLinkOutput"><span class="menuItemLabel lowerLevelMenuListItem">visit&nbsp;home fragrance</span></p> </a> </li> </ul> </div> </li> <li class="categoryMenuListItem"> <a id="categoryLink_1590591_1595016_2433684" onfocus="addBackgroundColourOnFocus(this)" onblur="removeBackgroundColourOnFocus(this)" aria-label="link" href="javascript:;" name="Supermenu:Shop by department:fragrance:recommended" title="recommended" class="menuLink categoryLinkItem anchorDataToggle" role="menuitem" data-toggle="subcategoryLink_1590591_1595016_2433684" tabindex="9"> <p class="categoryLinkOutput"><span class="menuItemLabel lowerLevelMenuListItem">recommended</span></p> </a> <span data-icon="5" aria-hidden="true" class="globalNavArrow"></span> <div id="subcategoryLink_1590591_1595016_2433684" class="subcategoryMenu" role="menu" data-parent="departmentMenu_1590591_1595016" style="top:0"> <ul id="subcategoryList" class="subcategoryList"> <li class="mobileNavBackButtons" onclick="toggle(document.getElementById(&quot;subcategoryLink_1590591_1595016_2433684&quot;)),setUpMobileBurgerMenu(this,&quot;subcategoryLink_1590591_1595016_2433684&quot;)"> <span data-icon="4" aria-hidden="true" class="mobileBackArrow"></span> <a class="mobileBackLink" tabindex="10"> <span class="menuItemLabel lowerLevelMenuListItem">recommended</span> </a> </li> <li> <a id="categoryLink_1590591_1595016_2433684" name="Supermenu:Shop by department:fragrance:View all recommended" onfocus="addBackgroundColourOnFocus(this)" onclick="analyticsJS.headObjectEventGtm(&quot;Shop by department : fragrance : visit recommended&quot;)" onblur="removeBackgroundColourOnFocus(this)" href="https://www.boots.com/fragrance/recommended-fragrances" tabindex="10" class="viewAllHeader"> <p class="subcategoryLinkOutput"><span class="menuItemLabel lowerLevelMenuListItem">visit&nbsp;recommended</span></p> </a> </li> </ul> </div> </li> <li class="categoryMenuListItem"> <a id="categoryLink_1590591_1595016_3225182" onfocus="addBackgroundColourOnFocus(this)" onblur="removeBackgroundColourOnFocus(this)" aria-label="link" href="https://www.boots.com/fragrance/elixir-fragrances" name="Supermenu:Shop by department:fragrance:elixir fragrances" title="elixir fragrances" class="menuLink categoryLinkItem anchorDataToggle" role="menuitem" data-toggle="subcategoryMenu" onclick="analyticsJS.headObjectEventGtm(&quot;Shop by department:fragrance:elixir fragrances&quot;)" tabindex="9"> <p class="categoryLinkOutput"><span class="menuItemLabel lowerLevelMenuListItem">elixir fragrances</span></p> </a> <span data-icon="5" aria-hidden="true" class="globalNavArrow hide"></span> <div id="subcategoryLink_1590591_1595016_3225182" class="subcategoryMenu" data-parent="departmentMenu_1590591_1595016" style="top:0"> </div> </li> <li class="categoryMenuListItem"> <a id="categoryLink_1590591_1595016_1603831" onfocus="addBackgroundColourOnFocus(this)" onblur="removeBackgroundColourOnFocus(this)" aria-label="link" href="https://www.boots.com/fragrance/celebrity-fragrance" name="Supermenu:Shop by department:fragrance:celebrity fragrance" title="celebrity fragrance" class="menuLink categoryLinkItem anchorDataToggle" role="menuitem" data-toggle="subcategoryMenu" onclick="analyticsJS.headObjectEventGtm(&quot;Shop by department:fragrance:celebrity fragrance&quot;)" tabindex="9"> <p class="categoryLinkOutput"><span class="menuItemLabel lowerLevelMenuListItem">celebrity fragrance</span></p> </a> <span data-icon="5" aria-hidden="true" class="globalNavArrow hide"></span> <div id="subcategoryLink_1590591_1595016_1603831" class="subcategoryMenu" data-parent="departmentMenu_1590591_1595016" style="top:0"> </div> </li> <li class="categoryMenuListItem"> <a id="categoryLink_1590591_1595016_2433685" onfocus="addBackgroundColourOnFocus(this)" onblur="removeBackgroundColourOnFocus(this)" aria-label="link" href="https://www.boots.com/fragrance/vegan-fragrances" name="Supermenu:Shop by department:fragrance:vegan fragrance" title="vegan fragrance" class="menuLink categoryLinkItem anchorDataToggle" role="menuitem" data-toggle="subcategoryMenu" onclick="analyticsJS.headObjectEventGtm(&quot;Shop by department:fragrance:vegan fragrance&quot;)" tabindex="9"> <p class="categoryLinkOutput"><span class="menuItemLabel lowerLevelMenuListItem">vegan fragrance</span></p> </a> <span data-icon="5" aria-hidden="true" class="globalNavArrow hide"></span> <div id="subcategoryLink_1590591_1595016_2433685" class="subcategoryMenu" data-parent="departmentMenu_1590591_1595016" style="top:0"> </div> </li> </ul> </div> </li> <li class="departmentMenuListItem"> <a id="departmentLink_1595017" onfocus="addBackgroundColourOnFocus(this)" onblur="removeBackgroundColourOnFocus(this)" name="Supermenu:Shop by department:baby &amp; child" title="baby &amp; child" href="javascript:;" class="4 link menuLink departmentLinkItem anchorDataToggle" data-toggle="departmentMenu_1590591_1595017" role="menuitem" tabindex="8" aria-label="link, collapsed content"> <p class="departmentLinkOutput"><span class="menuItemLabel lowerLevelMenuListItem">baby &amp; child</span></p> </a> <span data-icon="5" aria-hidden="true" class="globalNavArrow" id="departmenrGlobalNavArrow"></span> <div id="departmentMenu_1590591_1595017" class="departmentMenu departmentList" role="menu" data-parent="departmentMenu" data-id="1595017" aria-label="baby &amp; child" style="top:65px" data-espot-show="ESpot_baby-child"> <ul id="catergoryList" class="categoryList" data-parent="departmentMenu" data-toggle="departmentMenu_1590591_1595017" style="top:-65px"> <li class="mobileNavBackButtons" onclick="toggle(document.getElementById(&quot;departmentMenu_1590591_1595017&quot;)),setUpMobileBurgerMenu(this,&quot;catergoryList&quot;)"> <span data-icon="4" aria-hidden="true" class="mobileBackArrow"></span> <a class="mobileBackLink" tabindex="9"> <span class="menuItemLabel lowerLevelMenuListItem">baby &amp; child</span> </a> </li> <li class="categoryMenuListItem"> <a id="departmentLink_1595017_view_all" onfocus="addBackgroundColourOnFocus(this)" onblur="removeBackgroundColourOnFocus(this)" onclick="analyticsJS.headObjectEventGtm(&quot;Shop by department : visit baby &amp; child&quot;)" name="Supermenu:Shop by department:View all baby &amp; child" href="https://www.boots.com/baby-child" class="viewAllHeader" role="menuitem" tabindex="9" data-toggle="subcategoryMenu"> <p class="categoryLinkOutput"><span class="menuItemLabel lowerLevelMenuListItem">visit&nbsp;baby &amp; child</span></p> </a> </li> <li class="categoryMenuListItem"> <a id="categoryLink_1590591_1595017_1780194" onfocus="addBackgroundColourOnFocus(this)" onblur="removeBackgroundColourOnFocus(this)" aria-label="link" href="https://www.boots.com/baby-child/baby-event" name="Supermenu:Shop by department:baby &amp; child:baby event" title="baby event" class="menuLink categoryLinkItem anchorDataToggle" role="menuitem" data-toggle="subcategoryMenu" onclick="analyticsJS.headObjectEventGtm(&quot;Shop by department:baby &amp; child:baby event&quot;)" tabindex="9"> <p class="categoryLinkOutput"><span class="menuItemLabel lowerLevelMenuListItem">baby event</span></p> </a> <span data-icon="5" aria-hidden="true" class="globalNavArrow hide"></span> <div id="subcategoryLink_1590591_1595017_1780194" class="subcategoryMenu" data-parent="departmentMenu_1590591_1595017" style="top:0"> </div> </li> <li class="categoryMenuListItem"> <a id="categoryLink_1590591_1595017_3288684" onfocus="addBackgroundColourOnFocus(this)" onblur="removeBackgroundColourOnFocus(this)" aria-label="link" href="javascript:;" name="Supermenu:Shop by department:baby &amp; child:clothing" title="clothing" class="menuLink categoryLinkItem anchorDataToggle" role="menuitem" data-toggle="subcategoryLink_1590591_1595017_3288684" tabindex="9"> <p class="categoryLinkOutput"><span class="menuItemLabel lowerLevelMenuListItem">clothing</span></p> </a> <span data-icon="5" aria-hidden="true" class="globalNavArrow"></span> <div id="subcategoryLink_1590591_1595017_3288684" class="subcategoryMenu" role="menu" data-parent="departmentMenu_1590591_1595017" style="top:0"> <ul id="subcategoryList" class="subcategoryList"> <li class="mobileNavBackButtons" onclick="toggle(document.getElementById(&quot;subcategoryLink_1590591_1595017_3288684&quot;)),setUpMobileBurgerMenu(this,&quot;subcategoryLink_1590591_1595017_3288684&quot;)"> <span data-icon="4" aria-hidden="true" class="mobileBackArrow"></span> <a class="mobileBackLink" tabindex="10"> <span class="menuItemLabel lowerLevelMenuListItem">clothing</span> </a> </li> <li> <a id="categoryLink_1590591_1595017_3288684" name="Supermenu:Shop by department:baby &amp; child:View all clothing" onfocus="addBackgroundColourOnFocus(this)" onclick="analyticsJS.headObjectEventGtm(&quot;Shop by department : baby &amp; child : visit clothing&quot;)" onblur="removeBackgroundColourOnFocus(this)" href="https://www.boots.com/baby-child/clothing" tabindex="10" class="viewAllHeader"> <p class="subcategoryLinkOutput"><span class="menuItemLabel lowerLevelMenuListItem">visit&nbsp;clothing</span></p> </a> </li> </ul> </div> </li> <li class="categoryMenuListItem"> <a id="categoryLink_1590591_1595017_1598778" onfocus="addBackgroundColourOnFocus(this)" onblur="removeBackgroundColourOnFocus(this)" aria-label="link" href="https://www.boots.com/baby-child/parenting-club" name="Supermenu:Shop by department:baby &amp; child:Boots Parenting Club" title="Boots Parenting Club" class="menuLink categoryLinkItem anchorDataToggle" role="menuitem" data-toggle="subcategoryMenu" onclick="analyticsJS.headObjectEventGtm(&quot;Shop by department:baby &amp; child:Boots Parenting Club&quot;)" tabindex="9"> <p class="categoryLinkOutput"><span class="menuItemLabel lowerLevelMenuListItem">Boots Parenting Club</span></p> </a> <span data-icon="5" aria-hidden="true" class="globalNavArrow hide"></span> <div id="subcategoryLink_1590591_1595017_1598778" class="subcategoryMenu" data-parent="departmentMenu_1590591_1595017" style="top:0"> </div> </li> <li class="categoryMenuListItem"> <a id="categoryLink_1590591_1595017_1595110" onfocus="addBackgroundColourOnFocus(this)" onblur="removeBackgroundColourOnFocus(this)" aria-label="link" href="https://www.boots.com/baby-child/baby-child-offers" name="Supermenu:Shop by department:baby &amp; child:baby &amp; child offers" title="baby &amp; child offers" class="menuLink categoryLinkItem anchorDataToggle" role="menuitem" data-toggle="subcategoryMenu" onclick="analyticsJS.headObjectEventGtm(&quot;Shop by department:baby &amp; child:baby &amp; child offers&quot;)" tabindex="9"> <p class="categoryLinkOutput"><span class="menuItemLabel lowerLevelMenuListItem">baby &amp; child offers</span></p> </a> <span data-icon="5" aria-hidden="true" class="globalNavArrow hide"></span> <div id="subcategoryLink_1590591_1595017_1595110" class="subcategoryMenu" data-parent="departmentMenu_1590591_1595017" style="top:0"> </div> </li> <li class="categoryMenuListItem"> <a id="categoryLink_1590591_1595017_1943682" onfocus="addBackgroundColourOnFocus(this)" onblur="removeBackgroundColourOnFocus(this)" aria-label="link" href="https://www.boots.com/baby-child/baby-value-packs-and-bundles" name="Supermenu:Shop by department:baby &amp; child:baby value packs &amp; bundles" title="baby value packs &amp; bundles" class="menuLink categoryLinkItem anchorDataToggle" role="menuitem" data-toggle="subcategoryMenu" onclick="analyticsJS.headObjectEventGtm(&quot;Shop by department:baby &amp; child:baby value packs &amp; bundles&quot;)" tabindex="9"> <p class="categoryLinkOutput"><span class="menuItemLabel lowerLevelMenuListItem">baby value packs &amp; bundles</span></p> </a> <span data-icon="5" aria-hidden="true" class="globalNavArrow hide"></span> <div id="subcategoryLink_1590591_1595017_1943682" class="subcategoryMenu" data-parent="departmentMenu_1590591_1595017" style="top:0"> </div> </li> <li class="categoryMenuListItem"> <a id="categoryLink_1590591_1595017_1595053" onfocus="addBackgroundColourOnFocus(this)" onblur="removeBackgroundColourOnFocus(this)" aria-label="link" href="javascript:;" name="Supermenu:Shop by department:baby &amp; child:travel" title="travel" class="menuLink categoryLinkItem anchorDataToggle" role="menuitem" data-toggle="subcategoryLink_1590591_1595017_1595053" tabindex="9"> <p class="categoryLinkOutput"><span class="menuItemLabel lowerLevelMenuListItem">travel</span></p> </a> <span data-icon="5" aria-hidden="true" class="globalNavArrow"></span> <div id="subcategoryLink_1590591_1595017_1595053" class="subcategoryMenu" role="menu" data-parent="departmentMenu_1590591_1595017" style="top:0"> <ul id="subcategoryList" class="subcategoryList"> <li class="mobileNavBackButtons" onclick="toggle(document.getElementById(&quot;subcategoryLink_1590591_1595017_1595053&quot;)),setUpMobileBurgerMenu(this,&quot;subcategoryLink_1590591_1595017_1595053&quot;)"> <span data-icon="4" aria-hidden="true" class="mobileBackArrow"></span> <a class="mobileBackLink" tabindex="10"> <span class="menuItemLabel lowerLevelMenuListItem">travel</span> </a> </li> <li> <a id="categoryLink_1590591_1595017_1595053" name="Supermenu:Shop by department:baby &amp; child:View all travel" onfocus="addBackgroundColourOnFocus(this)" onclick="analyticsJS.headObjectEventGtm(&quot;Shop by department : baby &amp; child : visit travel&quot;)" onblur="removeBackgroundColourOnFocus(this)" href="https://www.boots.com/baby-child/pushchairs-car-seats" tabindex="10" class="viewAllHeader"> <p class="subcategoryLinkOutput"><span class="menuItemLabel lowerLevelMenuListItem">visit&nbsp;travel</span></p> </a> </li> </ul> </div> </li> <li class="categoryMenuListItem"> <a id="categoryLink_1590591_1595017_1595051" onfocus="addBackgroundColourOnFocus(this)" onblur="removeBackgroundColourOnFocus(this)" aria-label="link" href="javascript:;" name="Supermenu:Shop by department:baby &amp; child:nursery &amp; bedding" title="nursery &amp; bedding" class="menuLink categoryLinkItem anchorDataToggle" role="menuitem" data-toggle="subcategoryLink_1590591_1595017_1595051" tabindex="9"> <p class="categoryLinkOutput"><span class="menuItemLabel lowerLevelMenuListItem">nursery &amp; bedding</span></p> </a> <span data-icon="5" aria-hidden="true" class="globalNavArrow"></span> <div id="subcategoryLink_1590591_1595017_1595051" class="subcategoryMenu" role="menu" data-parent="departmentMenu_1590591_1595017" style="top:0"> <ul id="subcategoryList" class="subcategoryList"> <li class="mobileNavBackButtons" onclick="toggle(document.getElementById(&quot;subcategoryLink_1590591_1595017_1595051&quot;)),setUpMobileBurgerMenu(this,&quot;subcategoryLink_1590591_1595017_1595051&quot;)"> <span data-icon="4" aria-hidden="true" class="mobileBackArrow"></span> <a class="mobileBackLink" tabindex="10"> <span class="menuItemLabel lowerLevelMenuListItem">nursery &amp; bedding</span> </a> </li> <li> <a id="categoryLink_1590591_1595017_1595051" name="Supermenu:Shop by department:baby &amp; child:View all nursery &amp; bedding" onfocus="addBackgroundColourOnFocus(this)" onclick="analyticsJS.headObjectEventGtm(&quot;Shop by department : baby &amp; child : visit nursery &amp; bedding&quot;)" onblur="removeBackgroundColourOnFocus(this)" href="https://www.boots.com/baby-child/nursery-furniture" tabindex="10" class="viewAllHeader"> <p class="subcategoryLinkOutput"><span class="menuItemLabel lowerLevelMenuListItem">visit&nbsp;nursery &amp; bedding</span></p> </a> </li> </ul> </div> </li> <li class="categoryMenuListItem"> <a id="categoryLink_1590591_1595017_1595048" onfocus="addBackgroundColourOnFocus(this)" onblur="removeBackgroundColourOnFocus(this)" aria-label="link" href="javascript:;" name="Supermenu:Shop by department:baby &amp; child:feeding" title="feeding" class="menuLink categoryLinkItem anchorDataToggle" role="menuitem" data-toggle="subcategoryLink_1590591_1595017_1595048" tabindex="9"> <p class="categoryLinkOutput"><span class="menuItemLabel lowerLevelMenuListItem">feeding</span></p> </a> <span data-icon="5" aria-hidden="true" class="globalNavArrow"></span> <div id="subcategoryLink_1590591_1595017_1595048" class="subcategoryMenu" role="menu" data-parent="departmentMenu_1590591_1595017" style="top:0"> <ul id="subcategoryList" class="subcategoryList"> <li class="mobileNavBackButtons" onclick="toggle(document.getElementById(&quot;subcategoryLink_1590591_1595017_1595048&quot;)),setUpMobileBurgerMenu(this,&quot;subcategoryLink_1590591_1595017_1595048&quot;)"> <span data-icon="4" aria-hidden="true" class="mobileBackArrow"></span> <a class="mobileBackLink" tabindex="10"> <span class="menuItemLabel lowerLevelMenuListItem">feeding</span> </a> </li> <li> <a id="categoryLink_1590591_1595017_1595048" name="Supermenu:Shop by department:baby &amp; child:View all feeding" onfocus="addBackgroundColourOnFocus(this)" onclick="analyticsJS.headObjectEventGtm(&quot;Shop by department : baby &amp; child : visit feeding&quot;)" onblur="removeBackgroundColourOnFocus(this)" href="https://www.boots.com/baby-child/babyfeeding" tabindex="10" class="viewAllHeader"> <p class="subcategoryLinkOutput"><span class="menuItemLabel lowerLevelMenuListItem">visit&nbsp;feeding</span></p> </a> </li> </ul> </div> </li> <li class="categoryMenuListItem"> <a id="categoryLink_1590591_1595017_1595047" onfocus="addBackgroundColourOnFocus(this)" onblur="removeBackgroundColourOnFocus(this)" aria-label="link" href="javascript:;" name="Supermenu:Shop by department:baby &amp; child:nappies, wipes &amp; bathing" title="nappies, wipes &amp; bathing" class="menuLink categoryLinkItem anchorDataToggle" role="menuitem" data-toggle="subcategoryLink_1590591_1595017_1595047" tabindex="9"> <p class="categoryLinkOutput"><span class="menuItemLabel lowerLevelMenuListItem">nappies, wipes &amp; bathing</span></p> </a> <span data-icon="5" aria-hidden="true" class="globalNavArrow"></span> <div id="subcategoryLink_1590591_1595017_1595047" class="subcategoryMenu" role="menu" data-parent="departmentMenu_1590591_1595017" style="top:0"> <ul id="subcategoryList" class="subcategoryList"> <li class="mobileNavBackButtons" onclick="toggle(document.getElementById(&quot;subcategoryLink_1590591_1595017_1595047&quot;)),setUpMobileBurgerMenu(this,&quot;subcategoryLink_1590591_1595017_1595047&quot;)"> <span data-icon="4" aria-hidden="true" class="mobileBackArrow"></span> <a class="mobileBackLink" tabindex="10"> <span class="menuItemLabel lowerLevelMenuListItem">nappies, wipes &amp; bathing</span> </a> </li> <li> <a id="categoryLink_1590591_1595017_1595047" name="Supermenu:Shop by department:baby &amp; child:View all nappies, wipes &amp; bathing" onfocus="addBackgroundColourOnFocus(this)" onclick="analyticsJS.headObjectEventGtm(&quot;Shop by department : baby &amp; child : visit nappies, wipes &amp; bathing&quot;)" onblur="removeBackgroundColourOnFocus(this)" href="https://www.boots.com/baby-child/bathing-changing" tabindex="10" class="viewAllHeader"> <p class="subcategoryLinkOutput"><span class="menuItemLabel lowerLevelMenuListItem">visit&nbsp;nappies, wipes &amp; bathing</span></p> </a> </li> </ul> </div> </li> <li class="categoryMenuListItem"> <a id="categoryLink_1590591_1595017_1595052" onfocus="addBackgroundColourOnFocus(this)" onblur="removeBackgroundColourOnFocus(this)" aria-label="link" href="javascript:;" name="Supermenu:Shop by department:baby &amp; child:pregnancy &amp; maternity" title="pregnancy &amp; maternity" class="menuLink categoryLinkItem anchorDataToggle" role="menuitem" data-toggle="subcategoryLink_1590591_1595017_1595052" tabindex="9"> <p class="categoryLinkOutput"><span class="menuItemLabel lowerLevelMenuListItem">pregnancy &amp; maternity</span></p> </a> <span data-icon="5" aria-hidden="true" class="globalNavArrow"></span> <div id="subcategoryLink_1590591_1595017_1595052" class="subcategoryMenu" role="menu" data-parent="departmentMenu_1590591_1595017" style="top:0"> <ul id="subcategoryList" class="subcategoryList"> <li class="mobileNavBackButtons" onclick="toggle(document.getElementById(&quot;subcategoryLink_1590591_1595017_1595052&quot;)),setUpMobileBurgerMenu(this,&quot;subcategoryLink_1590591_1595017_1595052&quot;)"> <span data-icon="4" aria-hidden="true" class="mobileBackArrow"></span> <a class="mobileBackLink" tabindex="10"> <span class="menuItemLabel lowerLevelMenuListItem">pregnancy &amp; maternity</span> </a> </li> <li> <a id="categoryLink_1590591_1595017_1595052" name="Supermenu:Shop by department:baby &amp; child:View all pregnancy &amp; maternity" onfocus="addBackgroundColourOnFocus(this)" onclick="analyticsJS.headObjectEventGtm(&quot;Shop by department : baby &amp; child : visit pregnancy &amp; maternity&quot;)" onblur="removeBackgroundColourOnFocus(this)" href="https://www.boots.com/baby-child/pregnancy-maternity" tabindex="10" class="viewAllHeader"> <p class="subcategoryLinkOutput"><span class="menuItemLabel lowerLevelMenuListItem">visit&nbsp;pregnancy &amp; maternity</span></p> </a> </li> </ul> </div> </li> <li class="categoryMenuListItem"> <a id="categoryLink_1590591_1595017_1595025" onfocus="addBackgroundColourOnFocus(this)" onblur="removeBackgroundColourOnFocus(this)" aria-label="link" href="javascript:;" name="Supermenu:Shop by department:baby &amp; child:baby &amp; child health" title="baby &amp; child health" class="menuLink categoryLinkItem anchorDataToggle" role="menuitem" data-toggle="subcategoryLink_1590591_1595017_1595025" tabindex="9"> <p class="categoryLinkOutput"><span class="menuItemLabel lowerLevelMenuListItem">baby &amp; child health</span></p> </a> <span data-icon="5" aria-hidden="true" class="globalNavArrow"></span> <div id="subcategoryLink_1590591_1595017_1595025" class="subcategoryMenu" role="menu" data-parent="departmentMenu_1590591_1595017" style="top:0"> <ul id="subcategoryList" class="subcategoryList"> <li class="mobileNavBackButtons" onclick="toggle(document.getElementById(&quot;subcategoryLink_1590591_1595017_1595025&quot;)),setUpMobileBurgerMenu(this,&quot;subcategoryLink_1590591_1595017_1595025&quot;)"> <span data-icon="4" aria-hidden="true" class="mobileBackArrow"></span> <a class="mobileBackLink" tabindex="10"> <span class="menuItemLabel lowerLevelMenuListItem">baby &amp; child health</span> </a> </li> <li> <a id="categoryLink_1590591_1595017_1595025" name="Supermenu:Shop by department:baby &amp; child:View all baby &amp; child health" onfocus="addBackgroundColourOnFocus(this)" onclick="analyticsJS.headObjectEventGtm(&quot;Shop by department : baby &amp; child : visit baby &amp; child health&quot;)" onblur="removeBackgroundColourOnFocus(this)" href="https://www.boots.com/baby-child/baby-child-health" tabindex="10" class="viewAllHeader"> <p class="subcategoryLinkOutput"><span class="menuItemLabel lowerLevelMenuListItem">visit&nbsp;baby &amp; child health</span></p> </a> </li> </ul> </div> </li> <li class="categoryMenuListItem"> <a id="categoryLink_1590591_1595017_1595054" onfocus="addBackgroundColourOnFocus(this)" onblur="removeBackgroundColourOnFocus(this)" aria-label="link" href="javascript:;" name="Supermenu:Shop by department:baby &amp; child:toys" title="toys" class="menuLink categoryLinkItem anchorDataToggle" role="menuitem" data-toggle="subcategoryLink_1590591_1595017_1595054" tabindex="9"> <p class="categoryLinkOutput"><span class="menuItemLabel lowerLevelMenuListItem">toys</span></p> </a> <span data-icon="5" aria-hidden="true" class="globalNavArrow"></span> <div id="subcategoryLink_1590591_1595017_1595054" class="subcategoryMenu" role="menu" data-parent="departmentMenu_1590591_1595017" style="top:0"> <ul id="subcategoryList" class="subcategoryList"> <li class="mobileNavBackButtons" onclick="toggle(document.getElementById(&quot;subcategoryLink_1590591_1595017_1595054&quot;)),setUpMobileBurgerMenu(this,&quot;subcategoryLink_1590591_1595017_1595054&quot;)"> <span data-icon="4" aria-hidden="true" class="mobileBackArrow"></span> <a class="mobileBackLink" tabindex="10"> <span class="menuItemLabel lowerLevelMenuListItem">toys</span> </a> </li> <li> <a id="categoryLink_1590591_1595017_1595054" name="Supermenu:Shop by department:baby &amp; child:View all toys" onfocus="addBackgroundColourOnFocus(this)" onclick="analyticsJS.headObjectEventGtm(&quot;Shop by department : baby &amp; child : visit toys&quot;)" onblur="removeBackgroundColourOnFocus(this)" href="https://www.boots.com/baby-child/toys" tabindex="10" class="viewAllHeader"> <p class="subcategoryLinkOutput"><span class="menuItemLabel lowerLevelMenuListItem">visit&nbsp;toys</span></p> </a> </li> </ul> </div> </li> <li class="categoryMenuListItem"> <a id="categoryLink_1590591_1595017_2250692" onfocus="addBackgroundColourOnFocus(this)" onblur="removeBackgroundColourOnFocus(this)" aria-label="link" href="https://www.boots.com/baby-child/sustainable-baby" name="Supermenu:Shop by department:baby &amp; child:sustainable baby" title="sustainable baby" class="menuLink categoryLinkItem anchorDataToggle" role="menuitem" data-toggle="subcategoryMenu" onclick="analyticsJS.headObjectEventGtm(&quot;Shop by department:baby &amp; child:sustainable baby&quot;)" tabindex="9"> <p class="categoryLinkOutput"><span class="menuItemLabel lowerLevelMenuListItem">sustainable baby</span></p> </a> <span data-icon="5" aria-hidden="true" class="globalNavArrow hide"></span> <div id="subcategoryLink_1590591_1595017_2250692" class="subcategoryMenu" data-parent="departmentMenu_1590591_1595017" style="top:0"> </div> </li> <li class="categoryMenuListItem"> <a id="categoryLink_1590591_1595017_1610105" onfocus="addBackgroundColourOnFocus(this)" onblur="removeBackgroundColourOnFocus(this)" aria-label="link" href="https://www.boots.com/baby-child/new-in-baby-child" name="Supermenu:Shop by department:baby &amp; child:new in baby &amp; child" title="new in baby &amp; child" class="menuLink categoryLinkItem anchorDataToggle" role="menuitem" data-toggle="subcategoryMenu" onclick="analyticsJS.headObjectEventGtm(&quot;Shop by department:baby &amp; child:new in baby &amp; child&quot;)" tabindex="9"> <p class="categoryLinkOutput"><span class="menuItemLabel lowerLevelMenuListItem">new in baby &amp; child</span></p> </a> <span data-icon="5" aria-hidden="true" class="globalNavArrow hide"></span> <div id="subcategoryLink_1590591_1595017_1610105" class="subcategoryMenu" data-parent="departmentMenu_1590591_1595017" style="top:0"> </div> </li> <li class="categoryMenuListItem"> <a id="categoryLink_1590591_1595017_2603681" onfocus="addBackgroundColourOnFocus(this)" onblur="removeBackgroundColourOnFocus(this)" aria-label="link" href="https://www.boots.com/baby-child/nursery-advice-service" name="Supermenu:Shop by department:baby &amp; child:Nursery Advice Service" title="Nursery Advice Service" class="menuLink categoryLinkItem anchorDataToggle" role="menuitem" data-toggle="subcategoryMenu" onclick="analyticsJS.headObjectEventGtm(&quot;Shop by department:baby &amp; child:Nursery Advice Service&quot;)" tabindex="9"> <p class="categoryLinkOutput"><span class="menuItemLabel lowerLevelMenuListItem">Nursery Advice Service</span></p> </a> <span data-icon="5" aria-hidden="true" class="globalNavArrow hide"></span> <div id="subcategoryLink_1590591_1595017_2603681" class="subcategoryMenu" data-parent="departmentMenu_1590591_1595017" style="top:0"> </div> </li> </ul> </div> </li> <li class="departmentMenuListItem"> <a id="departmentLink_1595019" onfocus="addBackgroundColourOnFocus(this)" onblur="removeBackgroundColourOnFocus(this)" name="Supermenu:Shop by department:electrical" title="electrical" href="javascript:;" class="5 link menuLink departmentLinkItem anchorDataToggle" data-toggle="departmentMenu_1590591_1595019" role="menuitem" tabindex="8" aria-label="link, collapsed content"> <p class="departmentLinkOutput"><span class="menuItemLabel lowerLevelMenuListItem">electrical</span></p> </a> <span data-icon="5" aria-hidden="true" class="globalNavArrow" id="departmenrGlobalNavArrow"></span> <div id="departmentMenu_1590591_1595019" class="departmentMenu departmentList" role="menu" data-parent="departmentMenu" data-id="1595019" aria-label="electrical" style="top:65px" data-espot-show="ESpot_electrical"> <ul id="catergoryList" class="categoryList" data-parent="departmentMenu" data-toggle="departmentMenu_1590591_1595019" style="top:-65px"> <li class="mobileNavBackButtons" onclick="toggle(document.getElementById(&quot;departmentMenu_1590591_1595019&quot;)),setUpMobileBurgerMenu(this,&quot;catergoryList&quot;)"> <span data-icon="4" aria-hidden="true" class="mobileBackArrow"></span> <a class="mobileBackLink" tabindex="9"> <span class="menuItemLabel lowerLevelMenuListItem">electrical</span> </a> </li> <li class="categoryMenuListItem"> <a id="departmentLink_1595019_view_all" onfocus="addBackgroundColourOnFocus(this)" onblur="removeBackgroundColourOnFocus(this)" onclick="analyticsJS.headObjectEventGtm(&quot;Shop by department : visit electrical&quot;)" name="Supermenu:Shop by department:View all electrical" href="https://www.boots.com/electrical" class="viewAllHeader" role="menuitem" tabindex="9" data-toggle="subcategoryMenu"> <p class="categoryLinkOutput"><span class="menuItemLabel lowerLevelMenuListItem">visit&nbsp;electrical</span></p> </a> </li> <li class="categoryMenuListItem"> <a id="categoryLink_1590591_1595019_1595111" onfocus="addBackgroundColourOnFocus(this)" onblur="removeBackgroundColourOnFocus(this)" aria-label="link" href="https://www.boots.com/electrical/electrical-offers" name="Supermenu:Shop by department:electrical:electrical offers" title="electrical offers" class="menuLink categoryLinkItem anchorDataToggle" role="menuitem" data-toggle="subcategoryMenu" onclick="analyticsJS.headObjectEventGtm(&quot;Shop by department:electrical:electrical offers&quot;)" tabindex="9"> <p class="categoryLinkOutput"><span class="menuItemLabel lowerLevelMenuListItem">electrical offers</span></p> </a> <span data-icon="5" aria-hidden="true" class="globalNavArrow hide"></span> <div id="subcategoryLink_1590591_1595019_1595111" class="subcategoryMenu" data-parent="departmentMenu_1590591_1595019" style="top:0"> </div> </li> <li class="categoryMenuListItem"> <a id="categoryLink_1590591_1595019_2724189" onfocus="addBackgroundColourOnFocus(this)" onblur="removeBackgroundColourOnFocus(this)" aria-label="link" href="https://www.boots.com/electrical/electrical-shop-all" name="Supermenu:Shop by department:electrical:all electrical" title="all electrical" class="menuLink categoryLinkItem anchorDataToggle" role="menuitem" data-toggle="subcategoryMenu" onclick="analyticsJS.headObjectEventGtm(&quot;Shop by department:electrical:all electrical&quot;)" tabindex="9"> <p class="categoryLinkOutput"><span class="menuItemLabel lowerLevelMenuListItem">all electrical</span></p> </a> <span data-icon="5" aria-hidden="true" class="globalNavArrow hide"></span> <div id="subcategoryLink_1590591_1595019_2724189" class="subcategoryMenu" data-parent="departmentMenu_1590591_1595019" style="top:0"> </div> </li> <li class="categoryMenuListItem"> <a id="categoryLink_1590591_1595019_1595065" onfocus="addBackgroundColourOnFocus(this)" onblur="removeBackgroundColourOnFocus(this)" aria-label="link" href="javascript:;" name="Supermenu:Shop by department:electrical:hair styling tools" title="hair styling tools" class="menuLink categoryLinkItem anchorDataToggle" role="menuitem" data-toggle="subcategoryLink_1590591_1595019_1595065" tabindex="9"> <p class="categoryLinkOutput"><span class="menuItemLabel lowerLevelMenuListItem">hair styling tools</span></p> </a> <span data-icon="5" aria-hidden="true" class="globalNavArrow"></span> <div id="subcategoryLink_1590591_1595019_1595065" class="subcategoryMenu" role="menu" data-parent="departmentMenu_1590591_1595019" style="top:0"> <ul id="subcategoryList" class="subcategoryList"> <li class="mobileNavBackButtons" onclick="toggle(document.getElementById(&quot;subcategoryLink_1590591_1595019_1595065&quot;)),setUpMobileBurgerMenu(this,&quot;subcategoryLink_1590591_1595019_1595065&quot;)"> <span data-icon="4" aria-hidden="true" class="mobileBackArrow"></span> <a class="mobileBackLink" tabindex="10"> <span class="menuItemLabel lowerLevelMenuListItem">hair styling tools</span> </a> </li> <li> <a id="categoryLink_1590591_1595019_1595065" name="Supermenu:Shop by department:electrical:View all hair styling tools" onfocus="addBackgroundColourOnFocus(this)" onclick="analyticsJS.headObjectEventGtm(&quot;Shop by department : electrical : visit hair styling tools&quot;)" onblur="removeBackgroundColourOnFocus(this)" href="https://www.boots.com/electrical/hair-styling-tools" tabindex="10" class="viewAllHeader"> <p class="subcategoryLinkOutput"><span class="menuItemLabel lowerLevelMenuListItem">visit&nbsp;hair styling tools</span></p> </a> </li> </ul> </div> </li> <li class="categoryMenuListItem"> <a id="categoryLink_1590591_1595019_1595063" onfocus="addBackgroundColourOnFocus(this)" onblur="removeBackgroundColourOnFocus(this)" aria-label="link" href="javascript:;" name="Supermenu:Shop by department:electrical:electrical dental" title="electrical dental" class="menuLink categoryLinkItem anchorDataToggle" role="menuitem" data-toggle="subcategoryLink_1590591_1595019_1595063" tabindex="9"> <p class="categoryLinkOutput"><span class="menuItemLabel lowerLevelMenuListItem">electrical dental</span></p> </a> <span data-icon="5" aria-hidden="true" class="globalNavArrow"></span> <div id="subcategoryLink_1590591_1595019_1595063" class="subcategoryMenu" role="menu" data-parent="departmentMenu_1590591_1595019" style="top:0"> <ul id="subcategoryList" class="subcategoryList"> <li class="mobileNavBackButtons" onclick="toggle(document.getElementById(&quot;subcategoryLink_1590591_1595019_1595063&quot;)),setUpMobileBurgerMenu(this,&quot;subcategoryLink_1590591_1595019_1595063&quot;)"> <span data-icon="4" aria-hidden="true" class="mobileBackArrow"></span> <a class="mobileBackLink" tabindex="10"> <span class="menuItemLabel lowerLevelMenuListItem">electrical dental</span> </a> </li> <li> <a id="categoryLink_1590591_1595019_1595063" name="Supermenu:Shop by department:electrical:View all electrical dental" onfocus="addBackgroundColourOnFocus(this)" onclick="analyticsJS.headObjectEventGtm(&quot;Shop by department : electrical : visit electrical dental&quot;)" onblur="removeBackgroundColourOnFocus(this)" href="https://www.boots.com/electrical/electrical-dental" tabindex="10" class="viewAllHeader"> <p class="subcategoryLinkOutput"><span class="menuItemLabel lowerLevelMenuListItem">visit&nbsp;electrical dental</span></p> </a> </li> </ul> </div> </li> <li class="categoryMenuListItem"> <a id="categoryLink_1590591_1595019_1595064" onfocus="addBackgroundColourOnFocus(this)" onblur="removeBackgroundColourOnFocus(this)" aria-label="link" href="javascript:;" name="Supermenu:Shop by department:electrical:female hair removal tools" title="female hair removal tools" class="menuLink categoryLinkItem anchorDataToggle" role="menuitem" data-toggle="subcategoryLink_1590591_1595019_1595064" tabindex="9"> <p class="categoryLinkOutput"><span class="menuItemLabel lowerLevelMenuListItem">female hair removal tools</span></p> </a> <span data-icon="5" aria-hidden="true" class="globalNavArrow"></span> <div id="subcategoryLink_1590591_1595019_1595064" class="subcategoryMenu" role="menu" data-parent="departmentMenu_1590591_1595019" style="top:0"> <ul id="subcategoryList" class="subcategoryList"> <li class="mobileNavBackButtons" onclick="toggle(document.getElementById(&quot;subcategoryLink_1590591_1595019_1595064&quot;)),setUpMobileBurgerMenu(this,&quot;subcategoryLink_1590591_1595019_1595064&quot;)"> <span data-icon="4" aria-hidden="true" class="mobileBackArrow"></span> <a class="mobileBackLink" tabindex="10"> <span class="menuItemLabel lowerLevelMenuListItem">female hair removal tools</span> </a> </li> <li> <a id="categoryLink_1590591_1595019_1595064" name="Supermenu:Shop by department:electrical:View all female hair removal tools" onfocus="addBackgroundColourOnFocus(this)" onclick="analyticsJS.headObjectEventGtm(&quot;Shop by department : electrical : visit female hair removal tools&quot;)" onblur="removeBackgroundColourOnFocus(this)" href="https://www.boots.com/electrical/female-hair-removal-tools" tabindex="10" class="viewAllHeader"> <p class="subcategoryLinkOutput"><span class="menuItemLabel lowerLevelMenuListItem">visit&nbsp;female hair removal tools</span></p> </a> </li> </ul> </div> </li> <li class="categoryMenuListItem"> <a id="categoryLink_1590591_1595019_1595067" onfocus="addBackgroundColourOnFocus(this)" onblur="removeBackgroundColourOnFocus(this)" aria-label="link" href="javascript:;" name="Supermenu:Shop by department:electrical:male grooming tools" title="male grooming tools" class="menuLink categoryLinkItem anchorDataToggle" role="menuitem" data-toggle="subcategoryLink_1590591_1595019_1595067" tabindex="9"> <p class="categoryLinkOutput"><span class="menuItemLabel lowerLevelMenuListItem">male grooming tools</span></p> </a> <span data-icon="5" aria-hidden="true" class="globalNavArrow"></span> <div id="subcategoryLink_1590591_1595019_1595067" class="subcategoryMenu" role="menu" data-parent="departmentMenu_1590591_1595019" style="top:0"> <ul id="subcategoryList" class="subcategoryList"> <li class="mobileNavBackButtons" onclick="toggle(document.getElementById(&quot;subcategoryLink_1590591_1595019_1595067&quot;)),setUpMobileBurgerMenu(this,&quot;subcategoryLink_1590591_1595019_1595067&quot;)"> <span data-icon="4" aria-hidden="true" class="mobileBackArrow"></span> <a class="mobileBackLink" tabindex="10"> <span class="menuItemLabel lowerLevelMenuListItem">male grooming tools</span> </a> </li> <li> <a id="categoryLink_1590591_1595019_1595067" name="Supermenu:Shop by department:electrical:View all male grooming tools" onfocus="addBackgroundColourOnFocus(this)" onclick="analyticsJS.headObjectEventGtm(&quot;Shop by department : electrical : visit male grooming tools&quot;)" onblur="removeBackgroundColourOnFocus(this)" href="https://www.boots.com/electrical/male-grooming-tools" tabindex="10" class="viewAllHeader"> <p class="subcategoryLinkOutput"><span class="menuItemLabel lowerLevelMenuListItem">visit&nbsp;male grooming tools</span></p> </a> </li> </ul> </div> </li> <li class="categoryMenuListItem"> <a id="categoryLink_1590591_1595019_1595062" onfocus="addBackgroundColourOnFocus(this)" onblur="removeBackgroundColourOnFocus(this)" aria-label="link" href="javascript:;" name="Supermenu:Shop by department:electrical:beauty tools" title="beauty tools" class="menuLink categoryLinkItem anchorDataToggle" role="menuitem" data-toggle="subcategoryLink_1590591_1595019_1595062" tabindex="9"> <p class="categoryLinkOutput"><span class="menuItemLabel lowerLevelMenuListItem">beauty tools</span></p> </a> <span data-icon="5" aria-hidden="true" class="globalNavArrow"></span> <div id="subcategoryLink_1590591_1595019_1595062" class="subcategoryMenu" role="menu" data-parent="departmentMenu_1590591_1595019" style="top:0"> <ul id="subcategoryList" class="subcategoryList"> <li class="mobileNavBackButtons" onclick="toggle(document.getElementById(&quot;subcategoryLink_1590591_1595019_1595062&quot;)),setUpMobileBurgerMenu(this,&quot;subcategoryLink_1590591_1595019_1595062&quot;)"> <span data-icon="4" aria-hidden="true" class="mobileBackArrow"></span> <a class="mobileBackLink" tabindex="10"> <span class="menuItemLabel lowerLevelMenuListItem">beauty tools</span> </a> </li> <li> <a id="categoryLink_1590591_1595019_1595062" name="Supermenu:Shop by department:electrical:View all beauty tools" onfocus="addBackgroundColourOnFocus(this)" onclick="analyticsJS.headObjectEventGtm(&quot;Shop by department : electrical : visit beauty tools&quot;)" onblur="removeBackgroundColourOnFocus(this)" href="https://www.boots.com/electrical/beauty-tools" tabindex="10" class="viewAllHeader"> <p class="subcategoryLinkOutput"><span class="menuItemLabel lowerLevelMenuListItem">visit&nbsp;beauty tools</span></p> </a> </li> </ul> </div> </li> <li class="categoryMenuListItem"> <a id="categoryLink_1590591_1595019_1979681" onfocus="addBackgroundColourOnFocus(this)" onblur="removeBackgroundColourOnFocus(this)" aria-label="link" href="javascript:;" name="Supermenu:Shop by department:electrical:electrical wellbeing" title="electrical wellbeing" class="menuLink categoryLinkItem anchorDataToggle" role="menuitem" data-toggle="subcategoryLink_1590591_1595019_1979681" tabindex="9"> <p class="categoryLinkOutput"><span class="menuItemLabel lowerLevelMenuListItem">electrical wellbeing</span></p> </a> <span data-icon="5" aria-hidden="true" class="globalNavArrow"></span> <div id="subcategoryLink_1590591_1595019_1979681" class="subcategoryMenu" role="menu" data-parent="departmentMenu_1590591_1595019" style="top:0"> <ul id="subcategoryList" class="subcategoryList"> <li class="mobileNavBackButtons" onclick="toggle(document.getElementById(&quot;subcategoryLink_1590591_1595019_1979681&quot;)),setUpMobileBurgerMenu(this,&quot;subcategoryLink_1590591_1595019_1979681&quot;)"> <span data-icon="4" aria-hidden="true" class="mobileBackArrow"></span> <a class="mobileBackLink" tabindex="10"> <span class="menuItemLabel lowerLevelMenuListItem">electrical wellbeing</span> </a> </li> <li> <a id="categoryLink_1590591_1595019_1979681" name="Supermenu:Shop by department:electrical:View all electrical wellbeing" onfocus="addBackgroundColourOnFocus(this)" onclick="analyticsJS.headObjectEventGtm(&quot;Shop by department : electrical : visit electrical wellbeing&quot;)" onblur="removeBackgroundColourOnFocus(this)" href="https://www.boots.com/electrical/electrical-wellbeing" tabindex="10" class="viewAllHeader"> <p class="subcategoryLinkOutput"><span class="menuItemLabel lowerLevelMenuListItem">visit&nbsp;electrical wellbeing</span></p> </a> </li> </ul> </div> </li> <li class="categoryMenuListItem"> <a id="categoryLink_1590591_1595019_1595083" onfocus="addBackgroundColourOnFocus(this)" onblur="removeBackgroundColourOnFocus(this)" aria-label="link" href="javascript:;" name="Supermenu:Shop by department:electrical:electrical health &amp; diagnostics" title="electrical health &amp; diagnostics" class="menuLink categoryLinkItem anchorDataToggle" role="menuitem" data-toggle="subcategoryLink_1590591_1595019_1595083" tabindex="9"> <p class="categoryLinkOutput"><span class="menuItemLabel lowerLevelMenuListItem">electrical health &amp; diagnostics</span></p> </a> <span data-icon="5" aria-hidden="true" class="globalNavArrow"></span> <div id="subcategoryLink_1590591_1595019_1595083" class="subcategoryMenu" role="menu" data-parent="departmentMenu_1590591_1595019" style="top:0"> <ul id="subcategoryList" class="subcategoryList"> <li class="mobileNavBackButtons" onclick="toggle(document.getElementById(&quot;subcategoryLink_1590591_1595019_1595083&quot;)),setUpMobileBurgerMenu(this,&quot;subcategoryLink_1590591_1595019_1595083&quot;)"> <span data-icon="4" aria-hidden="true" class="mobileBackArrow"></span> <a class="mobileBackLink" tabindex="10"> <span class="menuItemLabel lowerLevelMenuListItem">electrical health &amp; diagnostics</span> </a> </li> <li> <a id="categoryLink_1590591_1595019_1595083" name="Supermenu:Shop by department:electrical:View all electrical health &amp; diagnostics" onfocus="addBackgroundColourOnFocus(this)" onclick="analyticsJS.headObjectEventGtm(&quot;Shop by department : electrical : visit electrical health &amp; diagnostics&quot;)" onblur="removeBackgroundColourOnFocus(this)" href="https://www.boots.com/electrical/electrical-health-diagnostics" tabindex="10" class="viewAllHeader"> <p class="subcategoryLinkOutput"><span class="menuItemLabel lowerLevelMenuListItem">visit&nbsp;electrical health &amp; diagnostics</span></p> </a> </li> </ul> </div> </li> <li class="categoryMenuListItem"> <a id="categoryLink_1590591_1595019_1610115" onfocus="addBackgroundColourOnFocus(this)" onblur="removeBackgroundColourOnFocus(this)" aria-label="link" href="javascript:;" name="Supermenu:Shop by department:electrical:Boots Kitchen Appliances" title="Boots Kitchen Appliances" class="menuLink categoryLinkItem anchorDataToggle" role="menuitem" data-toggle="subcategoryLink_1590591_1595019_1610115" tabindex="9"> <p class="categoryLinkOutput"><span class="menuItemLabel lowerLevelMenuListItem">Boots Kitchen Appliances</span></p> </a> <span data-icon="5" aria-hidden="true" class="globalNavArrow"></span> <div id="subcategoryLink_1590591_1595019_1610115" class="subcategoryMenu" role="menu" data-parent="departmentMenu_1590591_1595019" style="top:0"> <ul id="subcategoryList" class="subcategoryList"> <li class="mobileNavBackButtons" onclick="toggle(document.getElementById(&quot;subcategoryLink_1590591_1595019_1610115&quot;)),setUpMobileBurgerMenu(this,&quot;subcategoryLink_1590591_1595019_1610115&quot;)"> <span data-icon="4" aria-hidden="true" class="mobileBackArrow"></span> <a class="mobileBackLink" tabindex="10"> <span class="menuItemLabel lowerLevelMenuListItem">Boots Kitchen Appliances</span> </a> </li> <li> <a id="categoryLink_1590591_1595019_1610115" name="Supermenu:Shop by department:electrical:View all Boots Kitchen Appliances" onfocus="addBackgroundColourOnFocus(this)" onclick="analyticsJS.headObjectEventGtm(&quot;Shop by department : electrical : visit Boots Kitchen Appliances&quot;)" onblur="removeBackgroundColourOnFocus(this)" href="https://www.boots.com/electrical/boots-kitchen-appliances" tabindex="10" class="viewAllHeader"> <p class="subcategoryLinkOutput"><span class="menuItemLabel lowerLevelMenuListItem">visit&nbsp;boots kitchen appliances</span></p> </a> </li> </ul> </div> </li> <li class="categoryMenuListItem"> <a id="categoryLink_1590591_1595019_1595061" onfocus="addBackgroundColourOnFocus(this)" onblur="removeBackgroundColourOnFocus(this)" aria-label="link" href="javascript:;" name="Supermenu:Shop by department:electrical:audio &amp; visual tech" title="audio &amp; visual tech" class="menuLink categoryLinkItem anchorDataToggle" role="menuitem" data-toggle="subcategoryLink_1590591_1595019_1595061" tabindex="9"> <p class="categoryLinkOutput"><span class="menuItemLabel lowerLevelMenuListItem">audio &amp; visual tech</span></p> </a> <span data-icon="5" aria-hidden="true" class="globalNavArrow"></span> <div id="subcategoryLink_1590591_1595019_1595061" class="subcategoryMenu" role="menu" data-parent="departmentMenu_1590591_1595019" style="top:0"> <ul id="subcategoryList" class="subcategoryList"> <li class="mobileNavBackButtons" onclick="toggle(document.getElementById(&quot;subcategoryLink_1590591_1595019_1595061&quot;)),setUpMobileBurgerMenu(this,&quot;subcategoryLink_1590591_1595019_1595061&quot;)"> <span data-icon="4" aria-hidden="true" class="mobileBackArrow"></span> <a class="mobileBackLink" tabindex="10"> <span class="menuItemLabel lowerLevelMenuListItem">audio &amp; visual tech</span> </a> </li> <li> <a id="categoryLink_1590591_1595019_1595061" name="Supermenu:Shop by department:electrical:View all audio &amp; visual tech" onfocus="addBackgroundColourOnFocus(this)" onclick="analyticsJS.headObjectEventGtm(&quot;Shop by department : electrical : visit audio &amp; visual tech&quot;)" onblur="removeBackgroundColourOnFocus(this)" href="https://www.boots.com/electrical/headphones-cameras-accessories" tabindex="10" class="viewAllHeader"> <p class="subcategoryLinkOutput"><span class="menuItemLabel lowerLevelMenuListItem">visit&nbsp;audio &amp; visual tech</span></p> </a> </li> </ul> </div> </li> <li class="categoryMenuListItem"> <a id="categoryLink_1590591_1595019_2967697" onfocus="addBackgroundColourOnFocus(this)" onblur="removeBackgroundColourOnFocus(this)" aria-label="link" href="javascript:;" name="Supermenu:Shop by department:electrical:smart watches" title="smart watches" class="menuLink categoryLinkItem anchorDataToggle" role="menuitem" data-toggle="subcategoryLink_1590591_1595019_2967697" tabindex="9"> <p class="categoryLinkOutput"><span class="menuItemLabel lowerLevelMenuListItem">smart watches</span></p> </a> <span data-icon="5" aria-hidden="true" class="globalNavArrow"></span> <div id="subcategoryLink_1590591_1595019_2967697" class="subcategoryMenu" role="menu" data-parent="departmentMenu_1590591_1595019" style="top:0"> <ul id="subcategoryList" class="subcategoryList"> <li class="mobileNavBackButtons" onclick="toggle(document.getElementById(&quot;subcategoryLink_1590591_1595019_2967697&quot;)),setUpMobileBurgerMenu(this,&quot;subcategoryLink_1590591_1595019_2967697&quot;)"> <span data-icon="4" aria-hidden="true" class="mobileBackArrow"></span> <a class="mobileBackLink" tabindex="10"> <span class="menuItemLabel lowerLevelMenuListItem">smart watches</span> </a> </li> <li> <a id="categoryLink_1590591_1595019_2967697" name="Supermenu:Shop by department:electrical:View all smart watches" onfocus="addBackgroundColourOnFocus(this)" onclick="analyticsJS.headObjectEventGtm(&quot;Shop by department : electrical : visit smart watches&quot;)" onblur="removeBackgroundColourOnFocus(this)" href="https://www.boots.com/electrical/smart-watches" tabindex="10" class="viewAllHeader"> <p class="subcategoryLinkOutput"><span class="menuItemLabel lowerLevelMenuListItem">visit&nbsp;smart watches</span></p> </a> </li> </ul> </div> </li> <li class="categoryMenuListItem"> <a id="categoryLink_1590591_1595019_2967698" onfocus="addBackgroundColourOnFocus(this)" onblur="removeBackgroundColourOnFocus(this)" aria-label="link" href="https://www.boots.com/electrical/fans-heaters-humidifiers" name="Supermenu:Shop by department:electrical:fans heaters &amp; humidifiers" title="fans heaters &amp; humidifiers" class="menuLink categoryLinkItem anchorDataToggle" role="menuitem" data-toggle="subcategoryMenu" onclick="analyticsJS.headObjectEventGtm(&quot;Shop by department:electrical:fans heaters &amp; humidifiers&quot;)" tabindex="9"> <p class="categoryLinkOutput"><span class="menuItemLabel lowerLevelMenuListItem">fans heaters &amp; humidifiers</span></p> </a> <span data-icon="5" aria-hidden="true" class="globalNavArrow hide"></span> <div id="subcategoryLink_1590591_1595019_2967698" class="subcategoryMenu" data-parent="departmentMenu_1590591_1595019" style="top:0"> </div> </li> <li class="categoryMenuListItem"> <a id="categoryLink_1590591_1595019_2967691" onfocus="addBackgroundColourOnFocus(this)" onblur="removeBackgroundColourOnFocus(this)" aria-label="link" href="javascript:;" name="Supermenu:Shop by department:electrical:home appliances &amp; accessories" title="home appliances &amp; accessories" class="menuLink categoryLinkItem anchorDataToggle" role="menuitem" data-toggle="subcategoryLink_1590591_1595019_2967691" tabindex="9"> <p class="categoryLinkOutput"><span class="menuItemLabel lowerLevelMenuListItem">home appliances &amp; accessories</span></p> </a> <span data-icon="5" aria-hidden="true" class="globalNavArrow"></span> <div id="subcategoryLink_1590591_1595019_2967691" class="subcategoryMenu" role="menu" data-parent="departmentMenu_1590591_1595019" style="top:0"> <ul id="subcategoryList" class="subcategoryList"> <li class="mobileNavBackButtons" onclick="toggle(document.getElementById(&quot;subcategoryLink_1590591_1595019_2967691&quot;)),setUpMobileBurgerMenu(this,&quot;subcategoryLink_1590591_1595019_2967691&quot;)"> <span data-icon="4" aria-hidden="true" class="mobileBackArrow"></span> <a class="mobileBackLink" tabindex="10"> <span class="menuItemLabel lowerLevelMenuListItem">home appliances &amp; accessories</span> </a> </li> <li> <a id="categoryLink_1590591_1595019_2967691" name="Supermenu:Shop by department:electrical:View all home appliances &amp; accessories" onfocus="addBackgroundColourOnFocus(this)" onclick="analyticsJS.headObjectEventGtm(&quot;Shop by department : electrical : visit home appliances &amp; accessories&quot;)" onblur="removeBackgroundColourOnFocus(this)" href="https://www.boots.com/electrical/appliances" tabindex="10" class="viewAllHeader"> <p class="subcategoryLinkOutput"><span class="menuItemLabel lowerLevelMenuListItem">visit&nbsp;home appliances &amp; accessories</span></p> </a> </li> </ul> </div> </li> <li class="categoryMenuListItem"> <a id="categoryLink_1590591_1595019_1625103" onfocus="addBackgroundColourOnFocus(this)" onblur="removeBackgroundColourOnFocus(this)" aria-label="link" href="https://www.boots.com/electrical/new-in-electrical" name="Supermenu:Shop by department:electrical:new in electrical" title="new in electrical" class="menuLink categoryLinkItem anchorDataToggle" role="menuitem" data-toggle="subcategoryMenu" onclick="analyticsJS.headObjectEventGtm(&quot;Shop by department:electrical:new in electrical&quot;)" tabindex="9"> <p class="categoryLinkOutput"><span class="menuItemLabel lowerLevelMenuListItem">new in electrical</span></p> </a> <span data-icon="5" aria-hidden="true" class="globalNavArrow hide"></span> <div id="subcategoryLink_1590591_1595019_1625103" class="subcategoryMenu" data-parent="departmentMenu_1590591_1595019" style="top:0"> </div> </li> <li class="categoryMenuListItem"> <a id="categoryLink_1590591_1595019_2547195" onfocus="addBackgroundColourOnFocus(this)" onblur="removeBackgroundColourOnFocus(this)" aria-label="link" href="https://www.boots.com/electrical/recycle-your-electricals" name="Supermenu:Shop by department:electrical:recycle your electricals" title="recycle your electricals" class="menuLink categoryLinkItem anchorDataToggle" role="menuitem" data-toggle="subcategoryMenu" onclick="analyticsJS.headObjectEventGtm(&quot;Shop by department:electrical:recycle your electricals&quot;)" tabindex="9"> <p class="categoryLinkOutput"><span class="menuItemLabel lowerLevelMenuListItem">recycle your electricals</span></p> </a> <span data-icon="5" aria-hidden="true" class="globalNavArrow hide"></span> <div id="subcategoryLink_1590591_1595019_2547195" class="subcategoryMenu" data-parent="departmentMenu_1590591_1595019" style="top:0"> </div> </li> </ul> </div> </li> <li class="departmentMenuListItem"> <a id="departmentLink_2596184" onfocus="addBackgroundColourOnFocus(this)" onblur="removeBackgroundColourOnFocus(this)" name="Supermenu:Shop by department:trending on social" title="trending on social" href="https://www.boots.com/trending-products" class="6 link menuLink departmentLinkItem anchorDataToggle" data-toggle="departmentList" onclick="analyticsJS.headObjectEventGtm(&quot;Shop by department:trending on social&quot;)" role="menuitem" tabindex="8" aria-label="link"> <p class="departmentLinkOutput"><span class="menuItemLabel lowerLevelMenuListItem">trending on social</span></p> </a> <span data-icon="5" aria-hidden="true" class="globalNavArrow hide" id="departmenrGlobalNavArrow"></span> <div id="departmentMenu_1590591_2596184" class="departmentMenu departmentList" data-parent="departmentMenu" data-id="2596184" aria-label="trending on social" style="top:65px" data-espot-show="ESpot_trending-products"> </div> </li> <li class="departmentMenuListItem"> <a id="departmentLink_2640183" onfocus="addBackgroundColourOnFocus(this)" onblur="removeBackgroundColourOnFocus(this)" name="Supermenu:Shop by department:new in" title="new in" href="javascript:;" class="7 link menuLink departmentLinkItem anchorDataToggle" data-toggle="departmentMenu_1590591_2640183" role="menuitem" tabindex="8" aria-label="link, collapsed content"> <p class="departmentLinkOutput"><span class="menuItemLabel lowerLevelMenuListItem">new in</span></p> </a> <span data-icon="5" aria-hidden="true" class="globalNavArrow" id="departmenrGlobalNavArrow"></span> <div id="departmentMenu_1590591_2640183" class="departmentMenu departmentList" role="menu" data-parent="departmentMenu" data-id="2640183" aria-label="new in" style="top:65px" data-espot-show="ESpot_new-to-boots"> <ul id="catergoryList" class="categoryList" data-parent="departmentMenu" data-toggle="departmentMenu_1590591_2640183" style="top:-65px"> <li class="mobileNavBackButtons" onclick="toggle(document.getElementById(&quot;departmentMenu_1590591_2640183&quot;)),setUpMobileBurgerMenu(this,&quot;catergoryList&quot;)"> <span data-icon="4" aria-hidden="true" class="mobileBackArrow"></span> <a class="mobileBackLink" tabindex="9"> <span class="menuItemLabel lowerLevelMenuListItem">new in</span> </a> </li> <li class="categoryMenuListItem"> <a id="departmentLink_2640183_view_all" onfocus="addBackgroundColourOnFocus(this)" onblur="removeBackgroundColourOnFocus(this)" onclick="analyticsJS.headObjectEventGtm(&quot;Shop by department : visit new in&quot;)" name="Supermenu:Shop by department:View all new in" href="https://www.boots.com/new-to-boots" class="viewAllHeader" role="menuitem" tabindex="9" data-toggle="subcategoryMenu"> <p class="categoryLinkOutput"><span class="menuItemLabel lowerLevelMenuListItem">visit&nbsp;new in</span></p> </a> </li> <li class="categoryMenuListItem"> <a id="categoryLink_1590591_2640183_3261184" onfocus="addBackgroundColourOnFocus(this)" onblur="removeBackgroundColourOnFocus(this)" aria-label="link" href="https://www.boots.com/new-to-boots/new-in-skincare" name="Supermenu:Shop by department:new in:new in skincare" title="new in skincare" class="menuLink categoryLinkItem anchorDataToggle" role="menuitem" data-toggle="subcategoryMenu" onclick="analyticsJS.headObjectEventGtm(&quot;Shop by department:new in:new in skincare&quot;)" tabindex="9"> <p class="categoryLinkOutput"><span class="menuItemLabel lowerLevelMenuListItem">new in skincare</span></p> </a> <span data-icon="5" aria-hidden="true" class="globalNavArrow hide"></span> <div id="subcategoryLink_1590591_2640183_3261184" class="subcategoryMenu" data-parent="departmentMenu_1590591_2640183" style="top:0"> </div> </li> <li class="categoryMenuListItem"> <a id="categoryLink_1590591_2640183_3261191" onfocus="addBackgroundColourOnFocus(this)" onblur="removeBackgroundColourOnFocus(this)" aria-label="link" href="https://www.boots.com/new-to-boots/new-in-beauty" name="Supermenu:Shop by department:new in:new in beauty" title="new in beauty" class="menuLink categoryLinkItem anchorDataToggle" role="menuitem" data-toggle="subcategoryMenu" onclick="analyticsJS.headObjectEventGtm(&quot;Shop by department:new in:new in beauty&quot;)" tabindex="9"> <p class="categoryLinkOutput"><span class="menuItemLabel lowerLevelMenuListItem">new in beauty</span></p> </a> <span data-icon="5" aria-hidden="true" class="globalNavArrow hide"></span> <div id="subcategoryLink_1590591_2640183_3261191" class="subcategoryMenu" data-parent="departmentMenu_1590591_2640183" style="top:0"> </div> </li> <li class="categoryMenuListItem"> <a id="categoryLink_1590591_2640183_3312684" onfocus="addBackgroundColourOnFocus(this)" onblur="removeBackgroundColourOnFocus(this)" aria-label="link" href="https://www.boots.com/new-to-boots/new-in-clothing" name="Supermenu:Shop by department:new in:new in clothing" title="new in clothing" class="menuLink categoryLinkItem anchorDataToggle" role="menuitem" data-toggle="subcategoryMenu" onclick="analyticsJS.headObjectEventGtm(&quot;Shop by department:new in:new in clothing&quot;)" tabindex="9"> <p class="categoryLinkOutput"><span class="menuItemLabel lowerLevelMenuListItem">new in clothing</span></p> </a> <span data-icon="5" aria-hidden="true" class="globalNavArrow hide"></span> <div id="subcategoryLink_1590591_2640183_3312684" class="subcategoryMenu" data-parent="departmentMenu_1590591_2640183" style="top:0"> </div> </li> <li class="categoryMenuListItem"> <a id="categoryLink_1590591_2640183_1610103" onfocus="addBackgroundColourOnFocus(this)" onblur="removeBackgroundColourOnFocus(this)" aria-label="link" href="https://www.boots.com/new-to-boots/new-in-fragrance" name="Supermenu:Shop by department:new in:new in fragrance" title="new in fragrance" class="menuLink categoryLinkItem anchorDataToggle" role="menuitem" data-toggle="subcategoryMenu" onclick="analyticsJS.headObjectEventGtm(&quot;Shop by department:new in:new in fragrance&quot;)" tabindex="9"> <p class="categoryLinkOutput"><span class="menuItemLabel lowerLevelMenuListItem">new in fragrance</span></p> </a> <span data-icon="5" aria-hidden="true" class="globalNavArrow hide"></span> <div id="subcategoryLink_1590591_2640183_1610103" class="subcategoryMenu" data-parent="departmentMenu_1590591_2640183" style="top:0"> </div> </li> <li class="categoryMenuListItem"> <a id="categoryLink_1590591_2640183_1610105" onfocus="addBackgroundColourOnFocus(this)" onblur="removeBackgroundColourOnFocus(this)" aria-label="link" href="https://www.boots.com/new-to-boots/new-in-baby-child" name="Supermenu:Shop by department:new in:new in baby &amp; child" title="new in baby &amp; child" class="menuLink categoryLinkItem anchorDataToggle" role="menuitem" data-toggle="subcategoryMenu" onclick="analyticsJS.headObjectEventGtm(&quot;Shop by department:new in:new in baby &amp; child&quot;)" tabindex="9"> <p class="categoryLinkOutput"><span class="menuItemLabel lowerLevelMenuListItem">new in baby &amp; child</span></p> </a> <span data-icon="5" aria-hidden="true" class="globalNavArrow hide"></span> <div id="subcategoryLink_1590591_2640183_1610105" class="subcategoryMenu" data-parent="departmentMenu_1590591_2640183" style="top:0"> </div> </li> <li class="categoryMenuListItem"> <a id="categoryLink_1590591_2640183_1767680" onfocus="addBackgroundColourOnFocus(this)" onblur="removeBackgroundColourOnFocus(this)" aria-label="link" href="https://www.boots.com/new-to-boots/no7-new" name="Supermenu:Shop by department:new in:No7 new in" title="No7 new in" class="menuLink categoryLinkItem anchorDataToggle" role="menuitem" data-toggle="subcategoryMenu" onclick="analyticsJS.headObjectEventGtm(&quot;Shop by department:new in:No7 new in&quot;)" tabindex="9"> <p class="categoryLinkOutput"><span class="menuItemLabel lowerLevelMenuListItem">No7 new in</span></p> </a> <span data-icon="5" aria-hidden="true" class="globalNavArrow hide"></span> <div id="subcategoryLink_1590591_2640183_1767680" class="subcategoryMenu" data-parent="departmentMenu_1590591_2640183" style="top:0"> </div> </li> <li class="categoryMenuListItem"> <a id="categoryLink_1590591_2640183_1930193" onfocus="addBackgroundColourOnFocus(this)" onblur="removeBackgroundColourOnFocus(this)" aria-label="link" href="https://www.boots.com/new-to-boots/new-in-hair" name="Supermenu:Shop by department:new in:new in hair" title="new in hair" class="menuLink categoryLinkItem anchorDataToggle" role="menuitem" data-toggle="subcategoryMenu" onclick="analyticsJS.headObjectEventGtm(&quot;Shop by department:new in:new in hair&quot;)" tabindex="9"> <p class="categoryLinkOutput"><span class="menuItemLabel lowerLevelMenuListItem">new in hair</span></p> </a> <span data-icon="5" aria-hidden="true" class="globalNavArrow hide"></span> <div id="subcategoryLink_1590591_2640183_1930193" class="subcategoryMenu" data-parent="departmentMenu_1590591_2640183" style="top:0"> </div> </li> <li class="categoryMenuListItem"> <a id="categoryLink_1590591_2640183_1625103" onfocus="addBackgroundColourOnFocus(this)" onblur="removeBackgroundColourOnFocus(this)" aria-label="link" href="https://www.boots.com/new-to-boots/new-in-electrical" name="Supermenu:Shop by department:new in:new in electrical" title="new in electrical" class="menuLink categoryLinkItem anchorDataToggle" role="menuitem" data-toggle="subcategoryMenu" onclick="analyticsJS.headObjectEventGtm(&quot;Shop by department:new in:new in electrical&quot;)" tabindex="9"> <p class="categoryLinkOutput"><span class="menuItemLabel lowerLevelMenuListItem">new in electrical</span></p> </a> <span data-icon="5" aria-hidden="true" class="globalNavArrow hide"></span> <div id="subcategoryLink_1590591_2640183_1625103" class="subcategoryMenu" data-parent="departmentMenu_1590591_2640183" style="top:0"> </div> </li> <li class="categoryMenuListItem"> <a id="categoryLink_1590591_2640183_1610092" onfocus="addBackgroundColourOnFocus(this)" onblur="removeBackgroundColourOnFocus(this)" aria-label="link" href="https://www.boots.com/new-to-boots/new-in-health" name="Supermenu:Shop by department:new in:new in health" title="new in health" class="menuLink categoryLinkItem anchorDataToggle" role="menuitem" data-toggle="subcategoryMenu" onclick="analyticsJS.headObjectEventGtm(&quot;Shop by department:new in:new in health&quot;)" tabindex="9"> <p class="categoryLinkOutput"><span class="menuItemLabel lowerLevelMenuListItem">new in health</span></p> </a> <span data-icon="5" aria-hidden="true" class="globalNavArrow hide"></span> <div id="subcategoryLink_1590591_2640183_1610092" class="subcategoryMenu" data-parent="departmentMenu_1590591_2640183" style="top:0"> </div> </li> <li class="categoryMenuListItem"> <a id="categoryLink_1590591_2640183_1610106" onfocus="addBackgroundColourOnFocus(this)" onblur="removeBackgroundColourOnFocus(this)" aria-label="link" href="https://www.boots.com/new-to-boots/new-in-toiletries" name="Supermenu:Shop by department:new in:new in toiletries" title="new in toiletries" class="menuLink categoryLinkItem anchorDataToggle" role="menuitem" data-toggle="subcategoryMenu" onclick="analyticsJS.headObjectEventGtm(&quot;Shop by department:new in:new in toiletries&quot;)" tabindex="9"> <p class="categoryLinkOutput"><span class="menuItemLabel lowerLevelMenuListItem">new in toiletries</span></p> </a> <span data-icon="5" aria-hidden="true" class="globalNavArrow hide"></span> <div id="subcategoryLink_1590591_2640183_1610106" class="subcategoryMenu" data-parent="departmentMenu_1590591_2640183" style="top:0"> </div> </li> <li class="categoryMenuListItem"> <a id="categoryLink_1590591_2640183_1931183" onfocus="addBackgroundColourOnFocus(this)" onblur="removeBackgroundColourOnFocus(this)" aria-label="link" href="https://www.boots.com/new-to-boots/new-in-diet-and-weight-management" name="Supermenu:Shop by department:new in:new in diet &amp; weight management" title="new in diet &amp; weight management" class="menuLink categoryLinkItem anchorDataToggle" role="menuitem" data-toggle="subcategoryMenu" onclick="analyticsJS.headObjectEventGtm(&quot;Shop by department:new in:new in diet &amp; weight management&quot;)" tabindex="9"> <p class="categoryLinkOutput"><span class="menuItemLabel lowerLevelMenuListItem">new in diet &amp; weight management</span></p> </a> <span data-icon="5" aria-hidden="true" class="globalNavArrow hide"></span> <div id="subcategoryLink_1590591_2640183_1931183" class="subcategoryMenu" data-parent="departmentMenu_1590591_2640183" style="top:0"> </div> </li> </ul> </div> </li> <li class="departmentMenuListItem"> <a id="departmentLink_1595022" onfocus="addBackgroundColourOnFocus(this)" onblur="removeBackgroundColourOnFocus(this)" name="Supermenu:Shop by department:sun &amp; holiday" title="sun &amp; holiday" href="javascript:;" class="8 link menuLink departmentLinkItem anchorDataToggle" data-toggle="departmentMenu_1590591_1595022" role="menuitem" tabindex="8" aria-label="link, collapsed content"> <p class="departmentLinkOutput"><span class="menuItemLabel lowerLevelMenuListItem">sun &amp; holiday</span></p> </a> <span data-icon="5" aria-hidden="true" class="globalNavArrow" id="departmenrGlobalNavArrow"></span> <div id="departmentMenu_1590591_1595022" class="departmentMenu departmentList" role="menu" data-parent="departmentMenu" data-id="1595022" aria-label="sun &amp; holiday" style="top:65px" data-espot-show="ESpot_holidays"> <ul id="catergoryList" class="categoryList" data-parent="departmentMenu" data-toggle="departmentMenu_1590591_1595022" style="top:-65px"> <li class="mobileNavBackButtons" onclick="toggle(document.getElementById(&quot;departmentMenu_1590591_1595022&quot;)),setUpMobileBurgerMenu(this,&quot;catergoryList&quot;)"> <span data-icon="4" aria-hidden="true" class="mobileBackArrow"></span> <a class="mobileBackLink" tabindex="9"> <span class="menuItemLabel lowerLevelMenuListItem">sun &amp; holiday</span> </a> </li> <li class="categoryMenuListItem"> <a id="departmentLink_1595022_view_all" onfocus="addBackgroundColourOnFocus(this)" onblur="removeBackgroundColourOnFocus(this)" onclick="analyticsJS.headObjectEventGtm(&quot;Shop by department : visit sun &amp; holiday&quot;)" name="Supermenu:Shop by department:View all sun &amp; holiday" href="https://www.boots.com/holidays" class="viewAllHeader" role="menuitem" tabindex="9" data-toggle="subcategoryMenu"> <p class="categoryLinkOutput"><span class="menuItemLabel lowerLevelMenuListItem">visit&nbsp;sun &amp; holiday</span></p> </a> </li> <li class="categoryMenuListItem"> <a id="categoryLink_1590591_1595022_1943686" onfocus="addBackgroundColourOnFocus(this)" onblur="removeBackgroundColourOnFocus(this)" aria-label="link" href="https://www.boots.com/holidays/holiday-value-packs-and-bundles" name="Supermenu:Shop by department:sun &amp; holiday:holiday value packs &amp; bundles" title="holiday value packs &amp; bundles" class="menuLink categoryLinkItem anchorDataToggle" role="menuitem" data-toggle="subcategoryMenu" onclick="analyticsJS.headObjectEventGtm(&quot;Shop by department:sun &amp; holiday:holiday value packs &amp; bundles&quot;)" tabindex="9"> <p class="categoryLinkOutput"><span class="menuItemLabel lowerLevelMenuListItem">holiday value packs &amp; bundles</span></p> </a> <span data-icon="5" aria-hidden="true" class="globalNavArrow hide"></span> <div id="subcategoryLink_1590591_1595022_1943686" class="subcategoryMenu" data-parent="departmentMenu_1590591_1595022" style="top:0"> </div> </li> <li class="categoryMenuListItem"> <a id="categoryLink_1590591_1595022_1595055" onfocus="addBackgroundColourOnFocus(this)" onblur="removeBackgroundColourOnFocus(this)" aria-label="link" href="javascript:;" name="Supermenu:Shop by department:sun &amp; holiday:suncare" title="suncare" class="menuLink categoryLinkItem anchorDataToggle" role="menuitem" data-toggle="subcategoryLink_1590591_1595022_1595055" tabindex="9"> <p class="categoryLinkOutput"><span class="menuItemLabel lowerLevelMenuListItem">suncare</span></p> </a> <span data-icon="5" aria-hidden="true" class="globalNavArrow"></span> <div id="subcategoryLink_1590591_1595022_1595055" class="subcategoryMenu" role="menu" data-parent="departmentMenu_1590591_1595022" style="top:0"> <ul id="subcategoryList" class="subcategoryList"> <li class="mobileNavBackButtons" onclick="toggle(document.getElementById(&quot;subcategoryLink_1590591_1595022_1595055&quot;)),setUpMobileBurgerMenu(this,&quot;subcategoryLink_1590591_1595022_1595055&quot;)"> <span data-icon="4" aria-hidden="true" class="mobileBackArrow"></span> <a class="mobileBackLink" tabindex="10"> <span class="menuItemLabel lowerLevelMenuListItem">suncare</span> </a> </li> <li> <a id="categoryLink_1590591_1595022_1595055" name="Supermenu:Shop by department:sun &amp; holiday:View all suncare" onfocus="addBackgroundColourOnFocus(this)" onclick="analyticsJS.headObjectEventGtm(&quot;Shop by department : sun &amp; holiday : visit suncare&quot;)" onblur="removeBackgroundColourOnFocus(this)" href="https://www.boots.com/holidays/suncare" tabindex="10" class="viewAllHeader"> <p class="subcategoryLinkOutput"><span class="menuItemLabel lowerLevelMenuListItem">visit&nbsp;suncare</span></p> </a> </li> </ul> </div> </li> <li class="categoryMenuListItem"> <a id="categoryLink_1590591_1595022_1595207" onfocus="addBackgroundColourOnFocus(this)" onblur="removeBackgroundColourOnFocus(this)" aria-label="link" href="javascript:;" name="Supermenu:Shop by department:sun &amp; holiday:fake &amp; gradual tan" title="fake &amp; gradual tan" class="menuLink categoryLinkItem anchorDataToggle" role="menuitem" data-toggle="subcategoryLink_1590591_1595022_1595207" tabindex="9"> <p class="categoryLinkOutput"><span class="menuItemLabel lowerLevelMenuListItem">fake &amp; gradual tan</span></p> </a> <span data-icon="5" aria-hidden="true" class="globalNavArrow"></span> <div id="subcategoryLink_1590591_1595022_1595207" class="subcategoryMenu" role="menu" data-parent="departmentMenu_1590591_1595022" style="top:0"> <ul id="subcategoryList" class="subcategoryList"> <li class="mobileNavBackButtons" onclick="toggle(document.getElementById(&quot;subcategoryLink_1590591_1595022_1595207&quot;)),setUpMobileBurgerMenu(this,&quot;subcategoryLink_1590591_1595022_1595207&quot;)"> <span data-icon="4" aria-hidden="true" class="mobileBackArrow"></span> <a class="mobileBackLink" tabindex="10"> <span class="menuItemLabel lowerLevelMenuListItem">fake &amp; gradual tan</span> </a> </li> <li> <a id="categoryLink_1590591_1595022_1595207" name="Supermenu:Shop by department:sun &amp; holiday:View all fake &amp; gradual tan" onfocus="addBackgroundColourOnFocus(this)" onclick="analyticsJS.headObjectEventGtm(&quot;Shop by department : sun &amp; holiday : visit fake &amp; gradual tan&quot;)" onblur="removeBackgroundColourOnFocus(this)" href="https://www.boots.com/holidays/fake-gradual-tan" tabindex="10" class="viewAllHeader"> <p class="subcategoryLinkOutput"><span class="menuItemLabel lowerLevelMenuListItem">visit&nbsp;fake &amp; gradual tan</span></p> </a> </li> </ul> </div> </li> <li class="categoryMenuListItem"> <a id="categoryLink_1590591_1595022_1595115" onfocus="addBackgroundColourOnFocus(this)" onblur="removeBackgroundColourOnFocus(this)" aria-label="link" href="https://www.boots.com/holidays/travel-toiletries" name="Supermenu:Shop by department:sun &amp; holiday:travel toiletries" title="travel toiletries" class="menuLink categoryLinkItem anchorDataToggle" role="menuitem" data-toggle="subcategoryMenu" onclick="analyticsJS.headObjectEventGtm(&quot;Shop by department:sun &amp; holiday:travel toiletries&quot;)" tabindex="9"> <p class="categoryLinkOutput"><span class="menuItemLabel lowerLevelMenuListItem">travel toiletries</span></p> </a> <span data-icon="5" aria-hidden="true" class="globalNavArrow hide"></span> <div id="subcategoryLink_1590591_1595022_1595115" class="subcategoryMenu" data-parent="departmentMenu_1590591_1595022" style="top:0"> </div> </li> <li class="categoryMenuListItem"> <a id="categoryLink_1590591_1595022_1595031" onfocus="addBackgroundColourOnFocus(this)" onblur="removeBackgroundColourOnFocus(this)" aria-label="link" href="javascript:;" name="Supermenu:Shop by department:sun &amp; holiday:travel health" title="travel health" class="menuLink categoryLinkItem anchorDataToggle" role="menuitem" data-toggle="subcategoryLink_1590591_1595022_1595031" tabindex="9"> <p class="categoryLinkOutput"><span class="menuItemLabel lowerLevelMenuListItem">travel health</span></p> </a> <span data-icon="5" aria-hidden="true" class="globalNavArrow"></span> <div id="subcategoryLink_1590591_1595022_1595031" class="subcategoryMenu" role="menu" data-parent="departmentMenu_1590591_1595022" style="top:0"> <ul id="subcategoryList" class="subcategoryList"> <li class="mobileNavBackButtons" onclick="toggle(document.getElementById(&quot;subcategoryLink_1590591_1595022_1595031&quot;)),setUpMobileBurgerMenu(this,&quot;subcategoryLink_1590591_1595022_1595031&quot;)"> <span data-icon="4" aria-hidden="true" class="mobileBackArrow"></span> <a class="mobileBackLink" tabindex="10"> <span class="menuItemLabel lowerLevelMenuListItem">travel health</span> </a> </li> <li> <a id="categoryLink_1590591_1595022_1595031" name="Supermenu:Shop by department:sun &amp; holiday:View all travel health" onfocus="addBackgroundColourOnFocus(this)" onclick="analyticsJS.headObjectEventGtm(&quot;Shop by department : sun &amp; holiday : visit travel health&quot;)" onblur="removeBackgroundColourOnFocus(this)" href="https://www.boots.com/holidays/travel-health" tabindex="10" class="viewAllHeader"> <p class="subcategoryLinkOutput"><span class="menuItemLabel lowerLevelMenuListItem">visit&nbsp;travel health</span></p> </a> </li> </ul> </div> </li> <li class="categoryMenuListItem"> <a id="categoryLink_1590591_1595022_1595075" onfocus="addBackgroundColourOnFocus(this)" onblur="removeBackgroundColourOnFocus(this)" aria-label="link" href="javascript:;" name="Supermenu:Shop by department:sun &amp; holiday:travel accessories" title="travel accessories" class="menuLink categoryLinkItem anchorDataToggle" role="menuitem" data-toggle="subcategoryLink_1590591_1595022_1595075" tabindex="9"> <p class="categoryLinkOutput"><span class="menuItemLabel lowerLevelMenuListItem">travel accessories</span></p> </a> <span data-icon="5" aria-hidden="true" class="globalNavArrow"></span> <div id="subcategoryLink_1590591_1595022_1595075" class="subcategoryMenu" role="menu" data-parent="departmentMenu_1590591_1595022" style="top:0"> <ul id="subcategoryList" class="subcategoryList"> <li class="mobileNavBackButtons" onclick="toggle(document.getElementById(&quot;subcategoryLink_1590591_1595022_1595075&quot;)),setUpMobileBurgerMenu(this,&quot;subcategoryLink_1590591_1595022_1595075&quot;)"> <span data-icon="4" aria-hidden="true" class="mobileBackArrow"></span> <a class="mobileBackLink" tabindex="10"> <span class="menuItemLabel lowerLevelMenuListItem">travel accessories</span> </a> </li> <li> <a id="categoryLink_1590591_1595022_1595075" name="Supermenu:Shop by department:sun &amp; holiday:View all travel accessories" onfocus="addBackgroundColourOnFocus(this)" onclick="analyticsJS.headObjectEventGtm(&quot;Shop by department : sun &amp; holiday : visit travel accessories&quot;)" onblur="removeBackgroundColourOnFocus(this)" href="https://www.boots.com/holidays/travel-essentials" tabindex="10" class="viewAllHeader"> <p class="subcategoryLinkOutput"><span class="menuItemLabel lowerLevelMenuListItem">visit&nbsp;travel accessories</span></p> </a> </li> </ul> </div> </li> <li class="categoryMenuListItem"> <a id="categoryLink_1590591_1595022_1595389" onfocus="addBackgroundColourOnFocus(this)" onblur="removeBackgroundColourOnFocus(this)" aria-label="link" href="https://www.boots.com/holidays/kids-travel" name="Supermenu:Shop by department:sun &amp; holiday:kids travel" title="kids travel" class="menuLink categoryLinkItem anchorDataToggle" role="menuitem" data-toggle="subcategoryMenu" onclick="analyticsJS.headObjectEventGtm(&quot;Shop by department:sun &amp; holiday:kids travel&quot;)" tabindex="9"> <p class="categoryLinkOutput"><span class="menuItemLabel lowerLevelMenuListItem">kids travel</span></p> </a> <span data-icon="5" aria-hidden="true" class="globalNavArrow hide"></span> <div id="subcategoryLink_1590591_1595022_1595389" class="subcategoryMenu" data-parent="departmentMenu_1590591_1595022" style="top:0"> </div> </li> <li class="categoryMenuListItem"> <a id="categoryLink_1590591_1595022_2141701" onfocus="addBackgroundColourOnFocus(this)" onblur="removeBackgroundColourOnFocus(this)" aria-label="link" href="javascript:;" name="Supermenu:Shop by department:sun &amp; holiday:festival" title="festival" class="menuLink categoryLinkItem anchorDataToggle" role="menuitem" data-toggle="subcategoryLink_1590591_1595022_2141701" tabindex="9"> <p class="categoryLinkOutput"><span class="menuItemLabel lowerLevelMenuListItem">festival</span></p> </a> <span data-icon="5" aria-hidden="true" class="globalNavArrow"></span> <div id="subcategoryLink_1590591_1595022_2141701" class="subcategoryMenu" role="menu" data-parent="departmentMenu_1590591_1595022" style="top:0"> <ul id="subcategoryList" class="subcategoryList"> <li class="mobileNavBackButtons" onclick="toggle(document.getElementById(&quot;subcategoryLink_1590591_1595022_2141701&quot;)),setUpMobileBurgerMenu(this,&quot;subcategoryLink_1590591_1595022_2141701&quot;)"> <span data-icon="4" aria-hidden="true" class="mobileBackArrow"></span> <a class="mobileBackLink" tabindex="10"> <span class="menuItemLabel lowerLevelMenuListItem">festival</span> </a> </li> <li> <a id="categoryLink_1590591_1595022_2141701" name="Supermenu:Shop by department:sun &amp; holiday:View all festival" onfocus="addBackgroundColourOnFocus(this)" onclick="analyticsJS.headObjectEventGtm(&quot;Shop by department : sun &amp; holiday : visit festival&quot;)" onblur="removeBackgroundColourOnFocus(this)" href="https://www.boots.com/holidays/festival" tabindex="10" class="viewAllHeader"> <p class="subcategoryLinkOutput"><span class="menuItemLabel lowerLevelMenuListItem">visit&nbsp;festival</span></p> </a> </li> </ul> </div> </li> <li class="categoryMenuListItem"> <a id="categoryLink_1590591_1595022_1595070" onfocus="addBackgroundColourOnFocus(this)" onblur="removeBackgroundColourOnFocus(this)" aria-label="link" href="javascript:;" name="Supermenu:Shop by department:sun &amp; holiday:sunglasses" title="sunglasses" class="menuLink categoryLinkItem anchorDataToggle" role="menuitem" data-toggle="subcategoryLink_1590591_1595022_1595070" tabindex="9"> <p class="categoryLinkOutput"><span class="menuItemLabel lowerLevelMenuListItem">sunglasses</span></p> </a> <span data-icon="5" aria-hidden="true" class="globalNavArrow"></span> <div id="subcategoryLink_1590591_1595022_1595070" class="subcategoryMenu" role="menu" data-parent="departmentMenu_1590591_1595022" style="top:0"> <ul id="subcategoryList" class="subcategoryList"> <li class="mobileNavBackButtons" onclick="toggle(document.getElementById(&quot;subcategoryLink_1590591_1595022_1595070&quot;)),setUpMobileBurgerMenu(this,&quot;subcategoryLink_1590591_1595022_1595070&quot;)"> <span data-icon="4" aria-hidden="true" class="mobileBackArrow"></span> <a class="mobileBackLink" tabindex="10"> <span class="menuItemLabel lowerLevelMenuListItem">sunglasses</span> </a> </li> <li> <a id="categoryLink_1590591_1595022_1595070" name="Supermenu:Shop by department:sun &amp; holiday:View all sunglasses" onfocus="addBackgroundColourOnFocus(this)" onclick="analyticsJS.headObjectEventGtm(&quot;Shop by department : sun &amp; holiday : visit sunglasses&quot;)" onblur="removeBackgroundColourOnFocus(this)" href="https://www.boots.com/holidays/sunglasses" tabindex="10" class="viewAllHeader"> <p class="subcategoryLinkOutput"><span class="menuItemLabel lowerLevelMenuListItem">visit&nbsp;sunglasses</span></p> </a> </li> </ul> </div> </li> <li class="categoryMenuListItem"> <a id="categoryLink_1590591_1595022_1598786" onfocus="addBackgroundColourOnFocus(this)" onblur="removeBackgroundColourOnFocus(this)" aria-label="link" href="https://www.boots.com/holidays/travelinsurance" name="Supermenu:Shop by department:sun &amp; holiday:travel insurance" title="travel insurance" class="menuLink categoryLinkItem anchorDataToggle" role="menuitem" data-toggle="subcategoryMenu" onclick="analyticsJS.headObjectEventGtm(&quot;Shop by department:sun &amp; holiday:travel insurance&quot;)" tabindex="9"> <p class="categoryLinkOutput"><span class="menuItemLabel lowerLevelMenuListItem">travel insurance</span></p> </a> <span data-icon="5" aria-hidden="true" class="globalNavArrow hide"></span> <div id="subcategoryLink_1590591_1595022_1598786" class="subcategoryMenu" data-parent="departmentMenu_1590591_1595022" style="top:0"> </div> </li> <li class="categoryMenuListItem"> <a id="categoryLink_1590591_1595022_2452680" onfocus="addBackgroundColourOnFocus(this)" onblur="removeBackgroundColourOnFocus(this)" aria-label="link" href="https://www.boots.com/holidays/staycation-essentials" name="Supermenu:Shop by department:sun &amp; holiday:staycation essentials" title="staycation essentials" class="menuLink categoryLinkItem anchorDataToggle" role="menuitem" data-toggle="subcategoryMenu" onclick="analyticsJS.headObjectEventGtm(&quot;Shop by department:sun &amp; holiday:staycation essentials&quot;)" tabindex="9"> <p class="categoryLinkOutput"><span class="menuItemLabel lowerLevelMenuListItem">staycation essentials</span></p> </a> <span data-icon="5" aria-hidden="true" class="globalNavArrow hide"></span> <div id="subcategoryLink_1590591_1595022_2452680" class="subcategoryMenu" data-parent="departmentMenu_1590591_1595022" style="top:0"> </div> </li> <li class="categoryMenuListItem"> <a id="categoryLink_1590591_1595022_3055183" onfocus="addBackgroundColourOnFocus(this)" onblur="removeBackgroundColourOnFocus(this)" aria-label="link" href="https://www.boots.com/holidays/outdoor-living" name="Supermenu:Shop by department:sun &amp; holiday:outdoor living" title="outdoor living" class="menuLink categoryLinkItem anchorDataToggle" role="menuitem" data-toggle="subcategoryMenu" onclick="analyticsJS.headObjectEventGtm(&quot;Shop by department:sun &amp; holiday:outdoor living&quot;)" tabindex="9"> <p class="categoryLinkOutput"><span class="menuItemLabel lowerLevelMenuListItem">outdoor living</span></p> </a> <span data-icon="5" aria-hidden="true" class="globalNavArrow hide"></span> <div id="subcategoryLink_1590591_1595022_3055183" class="subcategoryMenu" data-parent="departmentMenu_1590591_1595022" style="top:0"> </div> </li> </ul> </div> </li> <li class="departmentMenuListItem"> <a id="departmentLink_1860697" onfocus="addBackgroundColourOnFocus(this)" onblur="removeBackgroundColourOnFocus(this)" name="Supermenu:Shop by department:wellness" title="wellness" href="javascript:;" class="9 link menuLink departmentLinkItem anchorDataToggle" data-toggle="departmentMenu_1590591_1860697" role="menuitem" tabindex="8" aria-label="link, collapsed content"> <p class="departmentLinkOutput"><span class="menuItemLabel lowerLevelMenuListItem">wellness</span></p> </a> <span data-icon="5" aria-hidden="true" class="globalNavArrow" id="departmenrGlobalNavArrow"></span> <div id="departmentMenu_1590591_1860697" class="departmentMenu departmentList" role="menu" data-parent="departmentMenu" data-id="1860697" aria-label="wellness" style="top:65px" data-espot-show="ESpot_wellness"> <ul id="catergoryList" class="categoryList" data-parent="departmentMenu" data-toggle="departmentMenu_1590591_1860697" style="top:-65px"> <li class="mobileNavBackButtons" onclick="toggle(document.getElementById(&quot;departmentMenu_1590591_1860697&quot;)),setUpMobileBurgerMenu(this,&quot;catergoryList&quot;)"> <span data-icon="4" aria-hidden="true" class="mobileBackArrow"></span> <a class="mobileBackLink" tabindex="9"> <span class="menuItemLabel lowerLevelMenuListItem">wellness</span> </a> </li> <li class="categoryMenuListItem"> <a id="departmentLink_1860697_view_all" onfocus="addBackgroundColourOnFocus(this)" onblur="removeBackgroundColourOnFocus(this)" onclick="analyticsJS.headObjectEventGtm(&quot;Shop by department : visit wellness&quot;)" name="Supermenu:Shop by department:View all wellness" href="https://www.boots.com/wellness" class="viewAllHeader" role="menuitem" tabindex="9" data-toggle="subcategoryMenu"> <p class="categoryLinkOutput"><span class="menuItemLabel lowerLevelMenuListItem">visit&nbsp;wellness</span></p> </a> </li> <li class="categoryMenuListItem"> <a id="categoryLink_1590591_1860697_2754694" onfocus="addBackgroundColourOnFocus(this)" onblur="removeBackgroundColourOnFocus(this)" aria-label="link" href="javascript:;" name="Supermenu:Shop by department:wellness:vegan" title="vegan" class="menuLink categoryLinkItem anchorDataToggle" role="menuitem" data-toggle="subcategoryLink_1590591_1860697_2754694" tabindex="9"> <p class="categoryLinkOutput"><span class="menuItemLabel lowerLevelMenuListItem">vegan</span></p> </a> <span data-icon="5" aria-hidden="true" class="globalNavArrow"></span> <div id="subcategoryLink_1590591_1860697_2754694" class="subcategoryMenu" role="menu" data-parent="departmentMenu_1590591_1860697" style="top:0"> <ul id="subcategoryList" class="subcategoryList"> <li class="mobileNavBackButtons" onclick="toggle(document.getElementById(&quot;subcategoryLink_1590591_1860697_2754694&quot;)),setUpMobileBurgerMenu(this,&quot;subcategoryLink_1590591_1860697_2754694&quot;)"> <span data-icon="4" aria-hidden="true" class="mobileBackArrow"></span> <a class="mobileBackLink" tabindex="10"> <span class="menuItemLabel lowerLevelMenuListItem">vegan</span> </a> </li> <li> <a id="categoryLink_1590591_1860697_2754694" name="Supermenu:Shop by department:wellness:View all vegan" onfocus="addBackgroundColourOnFocus(this)" onclick="analyticsJS.headObjectEventGtm(&quot;Shop by department : wellness : visit vegan&quot;)" onblur="removeBackgroundColourOnFocus(this)" href="https://www.boots.com/wellness/vegan-hub" tabindex="10" class="viewAllHeader"> <p class="subcategoryLinkOutput"><span class="menuItemLabel lowerLevelMenuListItem">visit&nbsp;vegan</span></p> </a> </li> </ul> </div> </li> <li class="categoryMenuListItem"> <a id="categoryLink_1590591_1860697_2451682" onfocus="addBackgroundColourOnFocus(this)" onblur="removeBackgroundColourOnFocus(this)" aria-label="link" href="https://www.boots.com/wellness/immunity-protection" name="Supermenu:Shop by department:wellness:immunity &amp; protection" title="immunity &amp; protection" class="menuLink categoryLinkItem anchorDataToggle" role="menuitem" data-toggle="subcategoryMenu" onclick="analyticsJS.headObjectEventGtm(&quot;Shop by department:wellness:immunity &amp; protection&quot;)" tabindex="9"> <p class="categoryLinkOutput"><span class="menuItemLabel lowerLevelMenuListItem">immunity &amp; protection</span></p> </a> <span data-icon="5" aria-hidden="true" class="globalNavArrow hide"></span> <div id="subcategoryLink_1590591_1860697_2451682" class="subcategoryMenu" data-parent="departmentMenu_1590591_1860697" style="top:0"> </div> </li> <li class="categoryMenuListItem"> <a id="categoryLink_1590591_1860697_1595166" onfocus="addBackgroundColourOnFocus(this)" onblur="removeBackgroundColourOnFocus(this)" aria-label="link" href="javascript:;" name="Supermenu:Shop by department:wellness:vitamins &amp; supplements" title="vitamins &amp; supplements" class="menuLink categoryLinkItem anchorDataToggle" role="menuitem" data-toggle="subcategoryLink_1590591_1860697_1595166" tabindex="9"> <p class="categoryLinkOutput"><span class="menuItemLabel lowerLevelMenuListItem">vitamins &amp; supplements</span></p> </a> <span data-icon="5" aria-hidden="true" class="globalNavArrow"></span> <div id="subcategoryLink_1590591_1860697_1595166" class="subcategoryMenu" role="menu" data-parent="departmentMenu_1590591_1860697" style="top:0"> <ul id="subcategoryList" class="subcategoryList"> <li class="mobileNavBackButtons" onclick="toggle(document.getElementById(&quot;subcategoryLink_1590591_1860697_1595166&quot;)),setUpMobileBurgerMenu(this,&quot;subcategoryLink_1590591_1860697_1595166&quot;)"> <span data-icon="4" aria-hidden="true" class="mobileBackArrow"></span> <a class="mobileBackLink" tabindex="10"> <span class="menuItemLabel lowerLevelMenuListItem">vitamins &amp; supplements</span> </a> </li> <li> <a id="categoryLink_1590591_1860697_1595166" name="Supermenu:Shop by department:wellness:View all vitamins &amp; supplements" onfocus="addBackgroundColourOnFocus(this)" onclick="analyticsJS.headObjectEventGtm(&quot;Shop by department : wellness : visit vitamins &amp; supplements&quot;)" onblur="removeBackgroundColourOnFocus(this)" href="https://www.boots.com/wellness/vitaminsandsupplements" tabindex="10" class="viewAllHeader"> <p class="subcategoryLinkOutput"><span class="menuItemLabel lowerLevelMenuListItem">visit&nbsp;vitamins &amp; supplements</span></p> </a> </li> </ul> </div> </li> <li class="categoryMenuListItem"> <a id="categoryLink_1590591_1860697_1595079" onfocus="addBackgroundColourOnFocus(this)" onblur="removeBackgroundColourOnFocus(this)" aria-label="link" href="javascript:;" name="Supermenu:Shop by department:wellness:sexual pleasure &amp; wellbeing" title="sexual pleasure &amp; wellbeing" class="menuLink categoryLinkItem anchorDataToggle" role="menuitem" data-toggle="subcategoryLink_1590591_1860697_1595079" tabindex="9"> <p class="categoryLinkOutput"><span class="menuItemLabel lowerLevelMenuListItem">sexual pleasure &amp; wellbeing</span></p> </a> <span data-icon="5" aria-hidden="true" class="globalNavArrow"></span> <div id="subcategoryLink_1590591_1860697_1595079" class="subcategoryMenu" role="menu" data-parent="departmentMenu_1590591_1860697" style="top:0"> <ul id="subcategoryList" class="subcategoryList"> <li class="mobileNavBackButtons" onclick="toggle(document.getElementById(&quot;subcategoryLink_1590591_1860697_1595079&quot;)),setUpMobileBurgerMenu(this,&quot;subcategoryLink_1590591_1860697_1595079&quot;)"> <span data-icon="4" aria-hidden="true" class="mobileBackArrow"></span> <a class="mobileBackLink" tabindex="10"> <span class="menuItemLabel lowerLevelMenuListItem">sexual pleasure &amp; wellbeing</span> </a> </li> <li> <a id="categoryLink_1590591_1860697_1595079" name="Supermenu:Shop by department:wellness:View all sexual pleasure &amp; wellbeing" onfocus="addBackgroundColourOnFocus(this)" onclick="analyticsJS.headObjectEventGtm(&quot;Shop by department : wellness : visit sexual pleasure &amp; wellbeing&quot;)" onblur="removeBackgroundColourOnFocus(this)" href="https://www.boots.com/wellness/condoms-sexual-health" tabindex="10" class="viewAllHeader"> <p class="subcategoryLinkOutput"><span class="menuItemLabel lowerLevelMenuListItem">visit&nbsp;sexual pleasure &amp; wellbeing</span></p> </a> </li> </ul> </div> </li> <li class="categoryMenuListItem"> <a id="categoryLink_1590591_1860697_1595167" onfocus="addBackgroundColourOnFocus(this)" onblur="removeBackgroundColourOnFocus(this)" aria-label="link" href="javascript:;" name="Supermenu:Shop by department:wellness:sleep" title="sleep" class="menuLink categoryLinkItem anchorDataToggle" role="menuitem" data-toggle="subcategoryLink_1590591_1860697_1595167" tabindex="9"> <p class="categoryLinkOutput"><span class="menuItemLabel lowerLevelMenuListItem">sleep</span></p> </a> <span data-icon="5" aria-hidden="true" class="globalNavArrow"></span> <div id="subcategoryLink_1590591_1860697_1595167" class="subcategoryMenu" role="menu" data-parent="departmentMenu_1590591_1860697" style="top:0"> <ul id="subcategoryList" class="subcategoryList"> <li class="mobileNavBackButtons" onclick="toggle(document.getElementById(&quot;subcategoryLink_1590591_1860697_1595167&quot;)),setUpMobileBurgerMenu(this,&quot;subcategoryLink_1590591_1860697_1595167&quot;)"> <span data-icon="4" aria-hidden="true" class="mobileBackArrow"></span> <a class="mobileBackLink" tabindex="10"> <span class="menuItemLabel lowerLevelMenuListItem">sleep</span> </a> </li> <li> <a id="categoryLink_1590591_1860697_1595167" name="Supermenu:Shop by department:wellness:View all sleep" onfocus="addBackgroundColourOnFocus(this)" onclick="analyticsJS.headObjectEventGtm(&quot;Shop by department : wellness : visit sleep&quot;)" onblur="removeBackgroundColourOnFocus(this)" href="https://www.boots.com/wellness/sleep" tabindex="10" class="viewAllHeader"> <p class="subcategoryLinkOutput"><span class="menuItemLabel lowerLevelMenuListItem">visit&nbsp;sleep</span></p> </a> </li> </ul> </div> </li> <li class="categoryMenuListItem"> <a id="categoryLink_1590591_1860697_1595153" onfocus="addBackgroundColourOnFocus(this)" onblur="removeBackgroundColourOnFocus(this)" aria-label="link" href="https://www.boots.com/wellness/everyday-stress" name="Supermenu:Shop by department:wellness:everyday stress" title="everyday stress" class="menuLink categoryLinkItem anchorDataToggle" role="menuitem" data-toggle="subcategoryMenu" onclick="analyticsJS.headObjectEventGtm(&quot;Shop by department:wellness:everyday stress&quot;)" tabindex="9"> <p class="categoryLinkOutput"><span class="menuItemLabel lowerLevelMenuListItem">everyday stress</span></p> </a> <span data-icon="5" aria-hidden="true" class="globalNavArrow hide"></span> <div id="subcategoryLink_1590591_1860697_1595153" class="subcategoryMenu" data-parent="departmentMenu_1590591_1860697" style="top:0"> </div> </li> <li class="categoryMenuListItem"> <a id="categoryLink_1590591_1860697_1595082" onfocus="addBackgroundColourOnFocus(this)" onblur="removeBackgroundColourOnFocus(this)" aria-label="link" href="javascript:;" name="Supermenu:Shop by department:wellness:diet &amp; weight management" title="diet &amp; weight management" class="menuLink categoryLinkItem anchorDataToggle" role="menuitem" data-toggle="subcategoryLink_1590591_1860697_1595082" tabindex="9"> <p class="categoryLinkOutput"><span class="menuItemLabel lowerLevelMenuListItem">diet &amp; weight management</span></p> </a> <span data-icon="5" aria-hidden="true" class="globalNavArrow"></span> <div id="subcategoryLink_1590591_1860697_1595082" class="subcategoryMenu" role="menu" data-parent="departmentMenu_1590591_1860697" style="top:0"> <ul id="subcategoryList" class="subcategoryList"> <li class="mobileNavBackButtons" onclick="toggle(document.getElementById(&quot;subcategoryLink_1590591_1860697_1595082&quot;)),setUpMobileBurgerMenu(this,&quot;subcategoryLink_1590591_1860697_1595082&quot;)"> <span data-icon="4" aria-hidden="true" class="mobileBackArrow"></span> <a class="mobileBackLink" tabindex="10"> <span class="menuItemLabel lowerLevelMenuListItem">diet &amp; weight management</span> </a> </li> <li> <a id="categoryLink_1590591_1860697_1595082" name="Supermenu:Shop by department:wellness:View all diet &amp; weight management" onfocus="addBackgroundColourOnFocus(this)" onclick="analyticsJS.headObjectEventGtm(&quot;Shop by department : wellness : visit diet &amp; weight management&quot;)" onblur="removeBackgroundColourOnFocus(this)" href="https://www.boots.com/wellness/weightloss" tabindex="10" class="viewAllHeader"> <p class="subcategoryLinkOutput"><span class="menuItemLabel lowerLevelMenuListItem">visit&nbsp;diet &amp; weight management</span></p> </a> </li> </ul> </div> </li> <li class="categoryMenuListItem"> <a id="categoryLink_1590591_1860697_1595091" onfocus="addBackgroundColourOnFocus(this)" onblur="removeBackgroundColourOnFocus(this)" aria-label="link" href="javascript:;" name="Supermenu:Shop by department:wellness:sports nutrition" title="sports nutrition" class="menuLink categoryLinkItem anchorDataToggle" role="menuitem" data-toggle="subcategoryLink_1590591_1860697_1595091" tabindex="9"> <p class="categoryLinkOutput"><span class="menuItemLabel lowerLevelMenuListItem">sports nutrition</span></p> </a> <span data-icon="5" aria-hidden="true" class="globalNavArrow"></span> <div id="subcategoryLink_1590591_1860697_1595091" class="subcategoryMenu" role="menu" data-parent="departmentMenu_1590591_1860697" style="top:0"> <ul id="subcategoryList" class="subcategoryList"> <li class="mobileNavBackButtons" onclick="toggle(document.getElementById(&quot;subcategoryLink_1590591_1860697_1595091&quot;)),setUpMobileBurgerMenu(this,&quot;subcategoryLink_1590591_1860697_1595091&quot;)"> <span data-icon="4" aria-hidden="true" class="mobileBackArrow"></span> <a class="mobileBackLink" tabindex="10"> <span class="menuItemLabel lowerLevelMenuListItem">sports nutrition</span> </a> </li> <li> <a id="categoryLink_1590591_1860697_1595091" name="Supermenu:Shop by department:wellness:View all sports nutrition" onfocus="addBackgroundColourOnFocus(this)" onclick="analyticsJS.headObjectEventGtm(&quot;Shop by department : wellness : visit sports nutrition&quot;)" onblur="removeBackgroundColourOnFocus(this)" href="https://www.boots.com/wellness/sports-nutrition" tabindex="10" class="viewAllHeader"> <p class="subcategoryLinkOutput"><span class="menuItemLabel lowerLevelMenuListItem">visit&nbsp;sports nutrition</span></p> </a> </li> </ul> </div> </li> <li class="categoryMenuListItem"> <a id="categoryLink_1590591_1860697_1595084" onfocus="addBackgroundColourOnFocus(this)" onblur="removeBackgroundColourOnFocus(this)" aria-label="link" href="javascript:;" name="Supermenu:Shop by department:wellness:fitness equipment &amp; activity trackers" title="fitness equipment &amp; activity trackers" class="menuLink categoryLinkItem anchorDataToggle" role="menuitem" data-toggle="subcategoryLink_1590591_1860697_1595084" tabindex="9"> <p class="categoryLinkOutput"><span class="menuItemLabel lowerLevelMenuListItem">fitness equipment &amp; activity trackers</span></p> </a> <span data-icon="5" aria-hidden="true" class="globalNavArrow"></span> <div id="subcategoryLink_1590591_1860697_1595084" class="subcategoryMenu" role="menu" data-parent="departmentMenu_1590591_1860697" style="top:0"> <ul id="subcategoryList" class="subcategoryList"> <li class="mobileNavBackButtons" onclick="toggle(document.getElementById(&quot;subcategoryLink_1590591_1860697_1595084&quot;)),setUpMobileBurgerMenu(this,&quot;subcategoryLink_1590591_1860697_1595084&quot;)"> <span data-icon="4" aria-hidden="true" class="mobileBackArrow"></span> <a class="mobileBackLink" tabindex="10"> <span class="menuItemLabel lowerLevelMenuListItem">fitness equipment &amp; activity trackers</span> </a> </li> <li> <a id="categoryLink_1590591_1860697_1595084" name="Supermenu:Shop by department:wellness:View all fitness equipment &amp; activity trackers" onfocus="addBackgroundColourOnFocus(this)" onclick="analyticsJS.headObjectEventGtm(&quot;Shop by department : wellness : visit fitness equipment &amp; activity trackers&quot;)" onblur="removeBackgroundColourOnFocus(this)" href="https://www.boots.com/wellness/fitness" tabindex="10" class="viewAllHeader"> <p class="subcategoryLinkOutput"><span class="menuItemLabel lowerLevelMenuListItem">visit&nbsp;fitness equipment &amp; activity trackers</span></p> </a> </li> </ul> </div> </li> <li class="categoryMenuListItem"> <a id="categoryLink_1590591_1860697_2432680" onfocus="addBackgroundColourOnFocus(this)" onblur="removeBackgroundColourOnFocus(this)" aria-label="link" href="javascript:;" name="Supermenu:Shop by department:wellness:alternative therapies" title="alternative therapies" class="menuLink categoryLinkItem anchorDataToggle" role="menuitem" data-toggle="subcategoryLink_1590591_1860697_2432680" tabindex="9"> <p class="categoryLinkOutput"><span class="menuItemLabel lowerLevelMenuListItem">alternative therapies</span></p> </a> <span data-icon="5" aria-hidden="true" class="globalNavArrow"></span> <div id="subcategoryLink_1590591_1860697_2432680" class="subcategoryMenu" role="menu" data-parent="departmentMenu_1590591_1860697" style="top:0"> <ul id="subcategoryList" class="subcategoryList"> <li class="mobileNavBackButtons" onclick="toggle(document.getElementById(&quot;subcategoryLink_1590591_1860697_2432680&quot;)),setUpMobileBurgerMenu(this,&quot;subcategoryLink_1590591_1860697_2432680&quot;)"> <span data-icon="4" aria-hidden="true" class="mobileBackArrow"></span> <a class="mobileBackLink" tabindex="10"> <span class="menuItemLabel lowerLevelMenuListItem">alternative therapies</span> </a> </li> <li> <a id="categoryLink_1590591_1860697_2432680" name="Supermenu:Shop by department:wellness:View all alternative therapies" onfocus="addBackgroundColourOnFocus(this)" onclick="analyticsJS.headObjectEventGtm(&quot;Shop by department : wellness : visit alternative therapies&quot;)" onblur="removeBackgroundColourOnFocus(this)" href="https://www.boots.com/wellness/wellness-supplements" tabindex="10" class="viewAllHeader"> <p class="subcategoryLinkOutput"><span class="menuItemLabel lowerLevelMenuListItem">visit&nbsp;alternative therapies</span></p> </a> </li> </ul> </div> </li> <li class="categoryMenuListItem"> <a id="categoryLink_1590591_1860697_1595090" onfocus="addBackgroundColourOnFocus(this)" onblur="removeBackgroundColourOnFocus(this)" aria-label="link" href="javascript:;" name="Supermenu:Shop by department:wellness:stop smoking aids" title="stop smoking aids" class="menuLink categoryLinkItem anchorDataToggle" role="menuitem" data-toggle="subcategoryLink_1590591_1860697_1595090" tabindex="9"> <p class="categoryLinkOutput"><span class="menuItemLabel lowerLevelMenuListItem">stop smoking aids</span></p> </a> <span data-icon="5" aria-hidden="true" class="globalNavArrow"></span> <div id="subcategoryLink_1590591_1860697_1595090" class="subcategoryMenu" role="menu" data-parent="departmentMenu_1590591_1860697" style="top:0"> <ul id="subcategoryList" class="subcategoryList"> <li class="mobileNavBackButtons" onclick="toggle(document.getElementById(&quot;subcategoryLink_1590591_1860697_1595090&quot;)),setUpMobileBurgerMenu(this,&quot;subcategoryLink_1590591_1860697_1595090&quot;)"> <span data-icon="4" aria-hidden="true" class="mobileBackArrow"></span> <a class="mobileBackLink" tabindex="10"> <span class="menuItemLabel lowerLevelMenuListItem">stop smoking aids</span> </a> </li> <li> <a id="categoryLink_1590591_1860697_1595090" name="Supermenu:Shop by department:wellness:View all stop smoking aids" onfocus="addBackgroundColourOnFocus(this)" onclick="analyticsJS.headObjectEventGtm(&quot;Shop by department : wellness : visit stop smoking aids&quot;)" onblur="removeBackgroundColourOnFocus(this)" href="https://www.boots.com/wellness/stopsmoking" tabindex="10" class="viewAllHeader"> <p class="subcategoryLinkOutput"><span class="menuItemLabel lowerLevelMenuListItem">visit&nbsp;stop smoking aids</span></p> </a> </li> </ul> </div> </li> <li class="categoryMenuListItem"> <a id="categoryLink_1590591_1860697_3251682" onfocus="addBackgroundColourOnFocus(this)" onblur="removeBackgroundColourOnFocus(this)" aria-label="link" href="https://www.boots.com/wellness/stop-vaping" name="Supermenu:Shop by department:wellness:stop vaping aids" title="stop vaping aids" class="menuLink categoryLinkItem anchorDataToggle" role="menuitem" data-toggle="subcategoryMenu" onclick="analyticsJS.headObjectEventGtm(&quot;Shop by department:wellness:stop vaping aids&quot;)" tabindex="9"> <p class="categoryLinkOutput"><span class="menuItemLabel lowerLevelMenuListItem">stop vaping aids</span></p> </a> <span data-icon="5" aria-hidden="true" class="globalNavArrow hide"></span> <div id="subcategoryLink_1590591_1860697_3251682" class="subcategoryMenu" data-parent="departmentMenu_1590591_1860697" style="top:0"> </div> </li> <li class="categoryMenuListItem"> <a id="categoryLink_1590591_1860697_1699098" onfocus="addBackgroundColourOnFocus(this)" onblur="removeBackgroundColourOnFocus(this)" aria-label="link" href="https://www.boots.com/wellness/digestive-health" name="Supermenu:Shop by department:wellness:digestive health" title="digestive health" class="menuLink categoryLinkItem anchorDataToggle" role="menuitem" data-toggle="subcategoryMenu" onclick="analyticsJS.headObjectEventGtm(&quot;Shop by department:wellness:digestive health&quot;)" tabindex="9"> <p class="categoryLinkOutput"><span class="menuItemLabel lowerLevelMenuListItem">digestive health</span></p> </a> <span data-icon="5" aria-hidden="true" class="globalNavArrow hide"></span> <div id="subcategoryLink_1590591_1860697_1699098" class="subcategoryMenu" data-parent="departmentMenu_1590591_1860697" style="top:0"> </div> </li> <li class="categoryMenuListItem"> <a id="categoryLink_1590591_1860697_1719188" onfocus="addBackgroundColourOnFocus(this)" onblur="removeBackgroundColourOnFocus(this)" aria-label="link" href="https://www.boots.com/wellness/supplements-for-energy" name="Supermenu:Shop by department:wellness:energy support" title="energy support" class="menuLink categoryLinkItem anchorDataToggle" role="menuitem" data-toggle="subcategoryMenu" onclick="analyticsJS.headObjectEventGtm(&quot;Shop by department:wellness:energy support&quot;)" tabindex="9"> <p class="categoryLinkOutput"><span class="menuItemLabel lowerLevelMenuListItem">energy support</span></p> </a> <span data-icon="5" aria-hidden="true" class="globalNavArrow hide"></span> <div id="subcategoryLink_1590591_1860697_1719188" class="subcategoryMenu" data-parent="departmentMenu_1590591_1860697" style="top:0"> </div> </li> <li class="categoryMenuListItem"> <a id="categoryLink_1590591_1860697_1870181" onfocus="addBackgroundColourOnFocus(this)" onblur="removeBackgroundColourOnFocus(this)" aria-label="link" href="javascript:;" name="Supermenu:Shop by department:wellness:food &amp; drink" title="food &amp; drink" class="menuLink categoryLinkItem anchorDataToggle" role="menuitem" data-toggle="subcategoryLink_1590591_1860697_1870181" tabindex="9"> <p class="categoryLinkOutput"><span class="menuItemLabel lowerLevelMenuListItem">food &amp; drink</span></p> </a> <span data-icon="5" aria-hidden="true" class="globalNavArrow"></span> <div id="subcategoryLink_1590591_1860697_1870181" class="subcategoryMenu" role="menu" data-parent="departmentMenu_1590591_1860697" style="top:0"> <ul id="subcategoryList" class="subcategoryList"> <li class="mobileNavBackButtons" onclick="toggle(document.getElementById(&quot;subcategoryLink_1590591_1860697_1870181&quot;)),setUpMobileBurgerMenu(this,&quot;subcategoryLink_1590591_1860697_1870181&quot;)"> <span data-icon="4" aria-hidden="true" class="mobileBackArrow"></span> <a class="mobileBackLink" tabindex="10"> <span class="menuItemLabel lowerLevelMenuListItem">food &amp; drink</span> </a> </li> <li> <a id="categoryLink_1590591_1860697_1870181" name="Supermenu:Shop by department:wellness:View all food &amp; drink" onfocus="addBackgroundColourOnFocus(this)" onclick="analyticsJS.headObjectEventGtm(&quot;Shop by department : wellness : visit food &amp; drink&quot;)" onblur="removeBackgroundColourOnFocus(this)" href="https://www.boots.com/wellness/food-and-drink" tabindex="10" class="viewAllHeader"> <p class="subcategoryLinkOutput"><span class="menuItemLabel lowerLevelMenuListItem">visit&nbsp;food &amp; drink</span></p> </a> </li> </ul> </div> </li> <li class="categoryMenuListItem"> <a id="categoryLink_1590591_1860697_2250681" onfocus="addBackgroundColourOnFocus(this)" onblur="removeBackgroundColourOnFocus(this)" aria-label="link" href="javascript:;" name="Supermenu:Shop by department:wellness:sustainability at Boots" title="sustainability at Boots" class="menuLink categoryLinkItem anchorDataToggle" role="menuitem" data-toggle="subcategoryLink_1590591_1860697_2250681" tabindex="9"> <p class="categoryLinkOutput"><span class="menuItemLabel lowerLevelMenuListItem">sustainability at Boots</span></p> </a> <span data-icon="5" aria-hidden="true" class="globalNavArrow"></span> <div id="subcategoryLink_1590591_1860697_2250681" class="subcategoryMenu" role="menu" data-parent="departmentMenu_1590591_1860697" style="top:0"> <ul id="subcategoryList" class="subcategoryList"> <li class="mobileNavBackButtons" onclick="toggle(document.getElementById(&quot;subcategoryLink_1590591_1860697_2250681&quot;)),setUpMobileBurgerMenu(this,&quot;subcategoryLink_1590591_1860697_2250681&quot;)"> <span data-icon="4" aria-hidden="true" class="mobileBackArrow"></span> <a class="mobileBackLink" tabindex="10"> <span class="menuItemLabel lowerLevelMenuListItem">sustainability at Boots</span> </a> </li> <li> <a id="categoryLink_1590591_1860697_2250681" name="Supermenu:Shop by department:wellness:View all sustainability at Boots" onfocus="addBackgroundColourOnFocus(this)" onclick="analyticsJS.headObjectEventGtm(&quot;Shop by department : wellness : visit sustainability at Boots&quot;)" onblur="removeBackgroundColourOnFocus(this)" href="https://www.boots.com/wellness/sustainable-living" tabindex="10" class="viewAllHeader"> <p class="subcategoryLinkOutput"><span class="menuItemLabel lowerLevelMenuListItem">visit&nbsp;sustainability at boots</span></p> </a> </li> </ul> </div> </li> <li class="categoryMenuListItem"> <a id="categoryLink_1590591_1860697_1595109" onfocus="addBackgroundColourOnFocus(this)" onblur="removeBackgroundColourOnFocus(this)" aria-label="link" href="https://www.boots.com/wellness/beautysupplements" name="Supermenu:Shop by department:wellness:beauty supplements" title="beauty supplements" class="menuLink categoryLinkItem anchorDataToggle" role="menuitem" data-toggle="subcategoryMenu" onclick="analyticsJS.headObjectEventGtm(&quot;Shop by department:wellness:beauty supplements&quot;)" tabindex="9"> <p class="categoryLinkOutput"><span class="menuItemLabel lowerLevelMenuListItem">beauty supplements</span></p> </a> <span data-icon="5" aria-hidden="true" class="globalNavArrow hide"></span> <div id="subcategoryLink_1590591_1860697_1595109" class="subcategoryMenu" data-parent="departmentMenu_1590591_1860697" style="top:0"> </div> </li> <li class="categoryMenuListItem"> <a id="categoryLink_1590591_1860697_1665096" onfocus="addBackgroundColourOnFocus(this)" onblur="removeBackgroundColourOnFocus(this)" aria-label="link" href="https://www.boots.com/wellness/activity-trackers-1" name="Supermenu:Shop by department:wellness:fitness watches &amp; activity trackers" title="fitness watches &amp; activity trackers" class="menuLink categoryLinkItem anchorDataToggle" role="menuitem" data-toggle="subcategoryMenu" onclick="analyticsJS.headObjectEventGtm(&quot;Shop by department:wellness:fitness watches &amp; activity trackers&quot;)" tabindex="9"> <p class="categoryLinkOutput"><span class="menuItemLabel lowerLevelMenuListItem">fitness watches &amp; activity trackers</span></p> </a> <span data-icon="5" aria-hidden="true" class="globalNavArrow hide"></span> <div id="subcategoryLink_1590591_1860697_1665096" class="subcategoryMenu" data-parent="departmentMenu_1590591_1860697" style="top:0"> </div> </li> <li class="categoryMenuListItem"> <a id="categoryLink_1590591_1860697_1870192" onfocus="addBackgroundColourOnFocus(this)" onblur="removeBackgroundColourOnFocus(this)" aria-label="link" href="https://www.boots.com/wellness/recipe-book-accessories" name="Supermenu:Shop by department:wellness:recipe books &amp; accessories" title="recipe books &amp; accessories" class="menuLink categoryLinkItem anchorDataToggle" role="menuitem" data-toggle="subcategoryMenu" onclick="analyticsJS.headObjectEventGtm(&quot;Shop by department:wellness:recipe books &amp; accessories&quot;)" tabindex="9"> <p class="categoryLinkOutput"><span class="menuItemLabel lowerLevelMenuListItem">recipe books &amp; accessories</span></p> </a> <span data-icon="5" aria-hidden="true" class="globalNavArrow hide"></span> <div id="subcategoryLink_1590591_1860697_1870192" class="subcategoryMenu" data-parent="departmentMenu_1590591_1860697" style="top:0"> </div> </li> <li class="categoryMenuListItem"> <a id="categoryLink_1590591_1860697_1930194" onfocus="addBackgroundColourOnFocus(this)" onblur="removeBackgroundColourOnFocus(this)" aria-label="link" href="https://www.boots.com/wellness/all-vegan-products" name="Supermenu:Shop by department:wellness:all vegan products" title="all vegan products" class="menuLink categoryLinkItem anchorDataToggle" role="menuitem" data-toggle="subcategoryMenu" onclick="analyticsJS.headObjectEventGtm(&quot;Shop by department:wellness:all vegan products&quot;)" tabindex="9"> <p class="categoryLinkOutput"><span class="menuItemLabel lowerLevelMenuListItem">all vegan products</span></p> </a> <span data-icon="5" aria-hidden="true" class="globalNavArrow hide"></span> <div id="subcategoryLink_1590591_1860697_1930194" class="subcategoryMenu" data-parent="departmentMenu_1590591_1860697" style="top:0"> </div> </li> <li class="categoryMenuListItem"> <a id="categoryLink_1590591_1860697_2875192" onfocus="addBackgroundColourOnFocus(this)" onblur="removeBackgroundColourOnFocus(this)" aria-label="link" href="https://www.boots.com/wellness/trending-wellness" name="Supermenu:Shop by department:wellness:trending in wellness" title="trending in wellness" class="menuLink categoryLinkItem anchorDataToggle" role="menuitem" data-toggle="subcategoryMenu" onclick="analyticsJS.headObjectEventGtm(&quot;Shop by department:wellness:trending in wellness&quot;)" tabindex="9"> <p class="categoryLinkOutput"><span class="menuItemLabel lowerLevelMenuListItem">trending in wellness</span></p> </a> <span data-icon="5" aria-hidden="true" class="globalNavArrow hide"></span> <div id="subcategoryLink_1590591_1860697_2875192" class="subcategoryMenu" data-parent="departmentMenu_1590591_1860697" style="top:0"> </div> </li> <li class="categoryMenuListItem"> <a id="categoryLink_1590591_1860697_1870193" onfocus="addBackgroundColourOnFocus(this)" onblur="removeBackgroundColourOnFocus(this)" aria-label="link" href="https://www.boots.com/wellness/wellness-inspiration" name="Supermenu:Shop by department:wellness:wellness inspiration" title="wellness inspiration" class="menuLink categoryLinkItem anchorDataToggle" role="menuitem" data-toggle="subcategoryMenu" onclick="analyticsJS.headObjectEventGtm(&quot;Shop by department:wellness:wellness inspiration&quot;)" tabindex="9"> <p class="categoryLinkOutput"><span class="menuItemLabel lowerLevelMenuListItem">wellness inspiration</span></p> </a> <span data-icon="5" aria-hidden="true" class="globalNavArrow hide"></span> <div id="subcategoryLink_1590591_1860697_1870193" class="subcategoryMenu" data-parent="departmentMenu_1590591_1860697" style="top:0"> </div> </li> </ul> </div> </li> <li class="departmentMenuListItem"> <a id="departmentLink_1595018" onfocus="addBackgroundColourOnFocus(this)" onblur="removeBackgroundColourOnFocus(this)" name="Supermenu:Shop by department:toiletries" title="toiletries" href="javascript:;" class="10 link menuLink departmentLinkItem anchorDataToggle" data-toggle="departmentMenu_1590591_1595018" role="menuitem" tabindex="8" aria-label="link, collapsed content"> <p class="departmentLinkOutput"><span class="menuItemLabel lowerLevelMenuListItem">toiletries</span></p> </a> <span data-icon="5" aria-hidden="true" class="globalNavArrow" id="departmenrGlobalNavArrow"></span> <div id="departmentMenu_1590591_1595018" class="departmentMenu departmentList" role="menu" data-parent="departmentMenu" data-id="1595018" aria-label="toiletries" style="top:65px" data-espot-show="ESpot_toiletries"> <ul id="catergoryList" class="categoryList" data-parent="departmentMenu" data-toggle="departmentMenu_1590591_1595018" style="top:-65px"> <li class="mobileNavBackButtons" onclick="toggle(document.getElementById(&quot;departmentMenu_1590591_1595018&quot;)),setUpMobileBurgerMenu(this,&quot;catergoryList&quot;)"> <span data-icon="4" aria-hidden="true" class="mobileBackArrow"></span> <a class="mobileBackLink" tabindex="9"> <span class="menuItemLabel lowerLevelMenuListItem">toiletries</span> </a> </li> <li class="categoryMenuListItem"> <a id="departmentLink_1595018_view_all" onfocus="addBackgroundColourOnFocus(this)" onblur="removeBackgroundColourOnFocus(this)" onclick="analyticsJS.headObjectEventGtm(&quot;Shop by department : visit toiletries&quot;)" name="Supermenu:Shop by department:View all toiletries" href="https://www.boots.com/toiletries" class="viewAllHeader" role="menuitem" tabindex="9" data-toggle="subcategoryMenu"> <p class="categoryLinkOutput"><span class="menuItemLabel lowerLevelMenuListItem">visit&nbsp;toiletries</span></p> </a> </li> <li class="categoryMenuListItem"> <a id="categoryLink_1590591_1595018_2250688" onfocus="addBackgroundColourOnFocus(this)" onblur="removeBackgroundColourOnFocus(this)" aria-label="link" href="https://www.boots.com/toiletries/sustainable-bathroom-essentials" name="Supermenu:Shop by department:toiletries:sustainable bathroom essentials" title="sustainable bathroom essentials" class="menuLink categoryLinkItem anchorDataToggle" role="menuitem" data-toggle="subcategoryMenu" onclick="analyticsJS.headObjectEventGtm(&quot;Shop by department:toiletries:sustainable bathroom essentials&quot;)" tabindex="9"> <p class="categoryLinkOutput"><span class="menuItemLabel lowerLevelMenuListItem">sustainable bathroom essentials</span></p> </a> <span data-icon="5" aria-hidden="true" class="globalNavArrow hide"></span> <div id="subcategoryLink_1590591_1595018_2250688" class="subcategoryMenu" data-parent="departmentMenu_1590591_1595018" style="top:0"> </div> </li> <li class="categoryMenuListItem"> <a id="categoryLink_1590591_1595018_1610106" onfocus="addBackgroundColourOnFocus(this)" onblur="removeBackgroundColourOnFocus(this)" aria-label="link" href="https://www.boots.com/toiletries/new-in-toiletries" name="Supermenu:Shop by department:toiletries:new in toiletries" title="new in toiletries" class="menuLink categoryLinkItem anchorDataToggle" role="menuitem" data-toggle="subcategoryMenu" onclick="analyticsJS.headObjectEventGtm(&quot;Shop by department:toiletries:new in toiletries&quot;)" tabindex="9"> <p class="categoryLinkOutput"><span class="menuItemLabel lowerLevelMenuListItem">new in toiletries</span></p> </a> <span data-icon="5" aria-hidden="true" class="globalNavArrow hide"></span> <div id="subcategoryLink_1590591_1595018_1610106" class="subcategoryMenu" data-parent="departmentMenu_1590591_1595018" style="top:0"> </div> </li> <li class="categoryMenuListItem"> <a id="categoryLink_1590591_1595018_1595059" onfocus="addBackgroundColourOnFocus(this)" onblur="removeBackgroundColourOnFocus(this)" aria-label="link" href="https://www.boots.com/toiletries/toiletries-offers" name="Supermenu:Shop by department:toiletries:toiletries offers" title="toiletries offers" class="menuLink categoryLinkItem anchorDataToggle" role="menuitem" data-toggle="subcategoryMenu" onclick="analyticsJS.headObjectEventGtm(&quot;Shop by department:toiletries:toiletries offers&quot;)" tabindex="9"> <p class="categoryLinkOutput"><span class="menuItemLabel lowerLevelMenuListItem">toiletries offers</span></p> </a> <span data-icon="5" aria-hidden="true" class="globalNavArrow hide"></span> <div id="subcategoryLink_1590591_1595018_1595059" class="subcategoryMenu" data-parent="departmentMenu_1590591_1595018" style="top:0"> </div> </li> <li class="categoryMenuListItem"> <a id="categoryLink_1590591_1595018_1943687" onfocus="addBackgroundColourOnFocus(this)" onblur="removeBackgroundColourOnFocus(this)" aria-label="link" href="https://www.boots.com/toiletries/toiletries-value-packs-and-bundles" name="Supermenu:Shop by department:toiletries:toiletries value packs &amp; bundles" title="toiletries value packs &amp; bundles" class="menuLink categoryLinkItem anchorDataToggle" role="menuitem" data-toggle="subcategoryMenu" onclick="analyticsJS.headObjectEventGtm(&quot;Shop by department:toiletries:toiletries value packs &amp; bundles&quot;)" tabindex="9"> <p class="categoryLinkOutput"><span class="menuItemLabel lowerLevelMenuListItem">toiletries value packs &amp; bundles</span></p> </a> <span data-icon="5" aria-hidden="true" class="globalNavArrow hide"></span> <div id="subcategoryLink_1590591_1595018_1943687" class="subcategoryMenu" data-parent="departmentMenu_1590591_1595018" style="top:0"> </div> </li> <li class="categoryMenuListItem"> <a id="categoryLink_1590591_1595018_1595040" onfocus="addBackgroundColourOnFocus(this)" onblur="removeBackgroundColourOnFocus(this)" aria-label="link" href="javascript:;" name="Supermenu:Shop by department:toiletries:hair" title="hair" class="menuLink categoryLinkItem anchorDataToggle" role="menuitem" data-toggle="subcategoryLink_1590591_1595018_1595040" tabindex="9"> <p class="categoryLinkOutput"><span class="menuItemLabel lowerLevelMenuListItem">hair</span></p> </a> <span data-icon="5" aria-hidden="true" class="globalNavArrow"></span> <div id="subcategoryLink_1590591_1595018_1595040" class="subcategoryMenu" role="menu" data-parent="departmentMenu_1590591_1595018" style="top:0"> <ul id="subcategoryList" class="subcategoryList"> <li class="mobileNavBackButtons" onclick="toggle(document.getElementById(&quot;subcategoryLink_1590591_1595018_1595040&quot;)),setUpMobileBurgerMenu(this,&quot;subcategoryLink_1590591_1595018_1595040&quot;)"> <span data-icon="4" aria-hidden="true" class="mobileBackArrow"></span> <a class="mobileBackLink" tabindex="10"> <span class="menuItemLabel lowerLevelMenuListItem">hair</span> </a> </li> <li> <a id="categoryLink_1590591_1595018_1595040" name="Supermenu:Shop by department:toiletries:View all hair" onfocus="addBackgroundColourOnFocus(this)" onclick="analyticsJS.headObjectEventGtm(&quot;Shop by department : toiletries : visit hair&quot;)" onblur="removeBackgroundColourOnFocus(this)" href="https://www.boots.com/toiletries/hair" tabindex="10" class="viewAllHeader"> <p class="subcategoryLinkOutput"><span class="menuItemLabel lowerLevelMenuListItem">visit&nbsp;hair</span></p> </a> </li> </ul> </div> </li> <li class="categoryMenuListItem"> <a id="categoryLink_1590591_1595018_1595080" onfocus="addBackgroundColourOnFocus(this)" onblur="removeBackgroundColourOnFocus(this)" aria-label="link" href="javascript:;" name="Supermenu:Shop by department:toiletries:dental" title="dental" class="menuLink categoryLinkItem anchorDataToggle" role="menuitem" data-toggle="subcategoryLink_1590591_1595018_1595080" tabindex="9"> <p class="categoryLinkOutput"><span class="menuItemLabel lowerLevelMenuListItem">dental</span></p> </a> <span data-icon="5" aria-hidden="true" class="globalNavArrow"></span> <div id="subcategoryLink_1590591_1595018_1595080" class="subcategoryMenu" role="menu" data-parent="departmentMenu_1590591_1595018" style="top:0"> <ul id="subcategoryList" class="subcategoryList"> <li class="mobileNavBackButtons" onclick="toggle(document.getElementById(&quot;subcategoryLink_1590591_1595018_1595080&quot;)),setUpMobileBurgerMenu(this,&quot;subcategoryLink_1590591_1595018_1595080&quot;)"> <span data-icon="4" aria-hidden="true" class="mobileBackArrow"></span> <a class="mobileBackLink" tabindex="10"> <span class="menuItemLabel lowerLevelMenuListItem">dental</span> </a> </li> <li> <a id="categoryLink_1590591_1595018_1595080" name="Supermenu:Shop by department:toiletries:View all dental" onfocus="addBackgroundColourOnFocus(this)" onclick="analyticsJS.headObjectEventGtm(&quot;Shop by department : toiletries : visit dental&quot;)" onblur="removeBackgroundColourOnFocus(this)" href="https://www.boots.com/toiletries/bootsdental" tabindex="10" class="viewAllHeader"> <p class="subcategoryLinkOutput"><span class="menuItemLabel lowerLevelMenuListItem">visit&nbsp;dental</span></p> </a> </li> </ul> </div> </li> <li class="categoryMenuListItem"> <a id="categoryLink_1590591_1595018_1595056" onfocus="addBackgroundColourOnFocus(this)" onblur="removeBackgroundColourOnFocus(this)" aria-label="link" href="javascript:;" name="Supermenu:Shop by department:toiletries:bathroom essentials" title="bathroom essentials" class="menuLink categoryLinkItem anchorDataToggle" role="menuitem" data-toggle="subcategoryLink_1590591_1595018_1595056" tabindex="9"> <p class="categoryLinkOutput"><span class="menuItemLabel lowerLevelMenuListItem">bathroom essentials</span></p> </a> <span data-icon="5" aria-hidden="true" class="globalNavArrow"></span> <div id="subcategoryLink_1590591_1595018_1595056" class="subcategoryMenu" role="menu" data-parent="departmentMenu_1590591_1595018" style="top:0"> <ul id="subcategoryList" class="subcategoryList"> <li class="mobileNavBackButtons" onclick="toggle(document.getElementById(&quot;subcategoryLink_1590591_1595018_1595056&quot;)),setUpMobileBurgerMenu(this,&quot;subcategoryLink_1590591_1595018_1595056&quot;)"> <span data-icon="4" aria-hidden="true" class="mobileBackArrow"></span> <a class="mobileBackLink" tabindex="10"> <span class="menuItemLabel lowerLevelMenuListItem">bathroom essentials</span> </a> </li> <li> <a id="categoryLink_1590591_1595018_1595056" name="Supermenu:Shop by department:toiletries:View all bathroom essentials" onfocus="addBackgroundColourOnFocus(this)" onclick="analyticsJS.headObjectEventGtm(&quot;Shop by department : toiletries : visit bathroom essentials&quot;)" onblur="removeBackgroundColourOnFocus(this)" href="https://www.boots.com/toiletries/washing-bathing" tabindex="10" class="viewAllHeader"> <p class="subcategoryLinkOutput"><span class="menuItemLabel lowerLevelMenuListItem">visit&nbsp;bathroom essentials</span></p> </a> </li> </ul> </div> </li> <li class="categoryMenuListItem"> <a id="categoryLink_1590591_1595018_1595113" onfocus="addBackgroundColourOnFocus(this)" onblur="removeBackgroundColourOnFocus(this)" aria-label="link" href="javascript:;" name="Supermenu:Shop by department:toiletries:deodorants &amp; antiperspirants" title="deodorants &amp; antiperspirants" class="menuLink categoryLinkItem anchorDataToggle" role="menuitem" data-toggle="subcategoryLink_1590591_1595018_1595113" tabindex="9"> <p class="categoryLinkOutput"><span class="menuItemLabel lowerLevelMenuListItem">deodorants &amp; antiperspirants</span></p> </a> <span data-icon="5" aria-hidden="true" class="globalNavArrow"></span> <div id="subcategoryLink_1590591_1595018_1595113" class="subcategoryMenu" role="menu" data-parent="departmentMenu_1590591_1595018" style="top:0"> <ul id="subcategoryList" class="subcategoryList"> <li class="mobileNavBackButtons" onclick="toggle(document.getElementById(&quot;subcategoryLink_1590591_1595018_1595113&quot;)),setUpMobileBurgerMenu(this,&quot;subcategoryLink_1590591_1595018_1595113&quot;)"> <span data-icon="4" aria-hidden="true" class="mobileBackArrow"></span> <a class="mobileBackLink" tabindex="10"> <span class="menuItemLabel lowerLevelMenuListItem">deodorants &amp; antiperspirants</span> </a> </li> <li> <a id="categoryLink_1590591_1595018_1595113" name="Supermenu:Shop by department:toiletries:View all deodorants &amp; antiperspirants" onfocus="addBackgroundColourOnFocus(this)" onclick="analyticsJS.headObjectEventGtm(&quot;Shop by department : toiletries : visit deodorants &amp; antiperspirants&quot;)" onblur="removeBackgroundColourOnFocus(this)" href="https://www.boots.com/toiletries/deodorants-antiperspirants" tabindex="10" class="viewAllHeader"> <p class="subcategoryLinkOutput"><span class="menuItemLabel lowerLevelMenuListItem">visit&nbsp;deodorants &amp; antiperspirants</span></p> </a> </li> </ul> </div> </li> <li class="categoryMenuListItem"> <a id="categoryLink_1590591_1595018_1595115" onfocus="addBackgroundColourOnFocus(this)" onblur="removeBackgroundColourOnFocus(this)" aria-label="link" href="https://www.boots.com/toiletries/travel-toiletries" name="Supermenu:Shop by department:toiletries:travel toiletries" title="travel toiletries" class="menuLink categoryLinkItem anchorDataToggle" role="menuitem" data-toggle="subcategoryMenu" onclick="analyticsJS.headObjectEventGtm(&quot;Shop by department:toiletries:travel toiletries&quot;)" tabindex="9"> <p class="categoryLinkOutput"><span class="menuItemLabel lowerLevelMenuListItem">travel toiletries</span></p> </a> <span data-icon="5" aria-hidden="true" class="globalNavArrow hide"></span> <div id="subcategoryLink_1590591_1595018_1595115" class="subcategoryMenu" data-parent="departmentMenu_1590591_1595018" style="top:0"> </div> </li> <li class="categoryMenuListItem"> <a id="categoryLink_1590591_1595018_1595057" onfocus="addBackgroundColourOnFocus(this)" onblur="removeBackgroundColourOnFocus(this)" aria-label="link" href="javascript:;" name="Supermenu:Shop by department:toiletries:period products" title="period products" class="menuLink categoryLinkItem anchorDataToggle" role="menuitem" data-toggle="subcategoryLink_1590591_1595018_1595057" tabindex="9"> <p class="categoryLinkOutput"><span class="menuItemLabel lowerLevelMenuListItem">period products</span></p> </a> <span data-icon="5" aria-hidden="true" class="globalNavArrow"></span> <div id="subcategoryLink_1590591_1595018_1595057" class="subcategoryMenu" role="menu" data-parent="departmentMenu_1590591_1595018" style="top:0"> <ul id="subcategoryList" class="subcategoryList"> <li class="mobileNavBackButtons" onclick="toggle(document.getElementById(&quot;subcategoryLink_1590591_1595018_1595057&quot;)),setUpMobileBurgerMenu(this,&quot;subcategoryLink_1590591_1595018_1595057&quot;)"> <span data-icon="4" aria-hidden="true" class="mobileBackArrow"></span> <a class="mobileBackLink" tabindex="10"> <span class="menuItemLabel lowerLevelMenuListItem">period products</span> </a> </li> <li> <a id="categoryLink_1590591_1595018_1595057" name="Supermenu:Shop by department:toiletries:View all period products" onfocus="addBackgroundColourOnFocus(this)" onclick="analyticsJS.headObjectEventGtm(&quot;Shop by department : toiletries : visit period products&quot;)" onblur="removeBackgroundColourOnFocus(this)" href="https://www.boots.com/toiletries/feminine-hygiene" tabindex="10" class="viewAllHeader"> <p class="subcategoryLinkOutput"><span class="menuItemLabel lowerLevelMenuListItem">visit&nbsp;period products</span></p> </a> </li> </ul> </div> </li> <li class="categoryMenuListItem"> <a id="categoryLink_1590591_1595018_2127189" onfocus="addBackgroundColourOnFocus(this)" onblur="removeBackgroundColourOnFocus(this)" aria-label="link" href="javascript:;" name="Supermenu:Shop by department:toiletries:luxury bath &amp; body" title="luxury bath &amp; body" class="menuLink categoryLinkItem anchorDataToggle" role="menuitem" data-toggle="subcategoryLink_1590591_1595018_2127189" tabindex="9"> <p class="categoryLinkOutput"><span class="menuItemLabel lowerLevelMenuListItem">luxury bath &amp; body</span></p> </a> <span data-icon="5" aria-hidden="true" class="globalNavArrow"></span> <div id="subcategoryLink_1590591_1595018_2127189" class="subcategoryMenu" role="menu" data-parent="departmentMenu_1590591_1595018" style="top:0"> <ul id="subcategoryList" class="subcategoryList"> <li class="mobileNavBackButtons" onclick="toggle(document.getElementById(&quot;subcategoryLink_1590591_1595018_2127189&quot;)),setUpMobileBurgerMenu(this,&quot;subcategoryLink_1590591_1595018_2127189&quot;)"> <span data-icon="4" aria-hidden="true" class="mobileBackArrow"></span> <a class="mobileBackLink" tabindex="10"> <span class="menuItemLabel lowerLevelMenuListItem">luxury bath &amp; body</span> </a> </li> <li> <a id="categoryLink_1590591_1595018_2127189" name="Supermenu:Shop by department:toiletries:View all luxury bath &amp; body" onfocus="addBackgroundColourOnFocus(this)" onclick="analyticsJS.headObjectEventGtm(&quot;Shop by department : toiletries : visit luxury bath &amp; body&quot;)" onblur="removeBackgroundColourOnFocus(this)" href="https://www.boots.com/toiletries/luxury-bath-body" tabindex="10" class="viewAllHeader"> <p class="subcategoryLinkOutput"><span class="menuItemLabel lowerLevelMenuListItem">visit&nbsp;luxury bath &amp; body</span></p> </a> </li> </ul> </div> </li> <li class="categoryMenuListItem"> <a id="categoryLink_1590591_1595018_1595058" onfocus="addBackgroundColourOnFocus(this)" onblur="removeBackgroundColourOnFocus(this)" aria-label="link" href="javascript:;" name="Supermenu:Shop by department:toiletries:men's toiletries" title="men's toiletries" class="menuLink categoryLinkItem anchorDataToggle" role="menuitem" data-toggle="subcategoryLink_1590591_1595018_1595058" tabindex="9"> <p class="categoryLinkOutput"><span class="menuItemLabel lowerLevelMenuListItem">men's toiletries</span></p> </a> <span data-icon="5" aria-hidden="true" class="globalNavArrow"></span> <div id="subcategoryLink_1590591_1595018_1595058" class="subcategoryMenu" role="menu" data-parent="departmentMenu_1590591_1595018" style="top:0"> <ul id="subcategoryList" class="subcategoryList"> <li class="mobileNavBackButtons" onclick="toggle(document.getElementById(&quot;subcategoryLink_1590591_1595018_1595058&quot;)),setUpMobileBurgerMenu(this,&quot;subcategoryLink_1590591_1595018_1595058&quot;)"> <span data-icon="4" aria-hidden="true" class="mobileBackArrow"></span> <a class="mobileBackLink" tabindex="10"> <span class="menuItemLabel lowerLevelMenuListItem">men's toiletries</span> </a> </li> <li> <a id="categoryLink_1590591_1595018_1595058" name="Supermenu:Shop by department:toiletries:View all men's toiletries" onfocus="addBackgroundColourOnFocus(this)" onclick="analyticsJS.headObjectEventGtm('Shop by department : toiletries : visit men's toiletries' );" onblur="removeBackgroundColourOnFocus(this)" href="https://www.boots.com/toiletries/mens-toiletries" tabindex="10" class="viewAllHeader"> <p class="subcategoryLinkOutput"><span class="menuItemLabel lowerLevelMenuListItem">visit&nbsp;men's toiletries</span></p> </a> </li> </ul> </div> </li> <li class="categoryMenuListItem"> <a id="categoryLink_1590591_1595018_1595207" onfocus="addBackgroundColourOnFocus(this)" onblur="removeBackgroundColourOnFocus(this)" aria-label="link" href="javascript:;" name="Supermenu:Shop by department:toiletries:fake &amp; gradual tan" title="fake &amp; gradual tan" class="menuLink categoryLinkItem anchorDataToggle" role="menuitem" data-toggle="subcategoryLink_1590591_1595018_1595207" tabindex="9"> <p class="categoryLinkOutput"><span class="menuItemLabel lowerLevelMenuListItem">fake &amp; gradual tan</span></p> </a> <span data-icon="5" aria-hidden="true" class="globalNavArrow"></span> <div id="subcategoryLink_1590591_1595018_1595207" class="subcategoryMenu" role="menu" data-parent="departmentMenu_1590591_1595018" style="top:0"> <ul id="subcategoryList" class="subcategoryList"> <li class="mobileNavBackButtons" onclick="toggle(document.getElementById(&quot;subcategoryLink_1590591_1595018_1595207&quot;)),setUpMobileBurgerMenu(this,&quot;subcategoryLink_1590591_1595018_1595207&quot;)"> <span data-icon="4" aria-hidden="true" class="mobileBackArrow"></span> <a class="mobileBackLink" tabindex="10"> <span class="menuItemLabel lowerLevelMenuListItem">fake &amp; gradual tan</span> </a> </li> <li> <a id="categoryLink_1590591_1595018_1595207" name="Supermenu:Shop by department:toiletries:View all fake &amp; gradual tan" onfocus="addBackgroundColourOnFocus(this)" onclick="analyticsJS.headObjectEventGtm(&quot;Shop by department : toiletries : visit fake &amp; gradual tan&quot;)" onblur="removeBackgroundColourOnFocus(this)" href="https://www.boots.com/toiletries/fake-gradual-tan" tabindex="10" class="viewAllHeader"> <p class="subcategoryLinkOutput"><span class="menuItemLabel lowerLevelMenuListItem">visit&nbsp;fake &amp; gradual tan</span></p> </a> </li> </ul> </div> </li> <li class="categoryMenuListItem"> <a id="categoryLink_1590591_1595018_1603619" onfocus="addBackgroundColourOnFocus(this)" onblur="removeBackgroundColourOnFocus(this)" aria-label="link" href="javascript:;" name="Supermenu:Shop by department:toiletries:female hair removal" title="female hair removal" class="menuLink categoryLinkItem anchorDataToggle" role="menuitem" data-toggle="subcategoryLink_1590591_1595018_1603619" tabindex="9"> <p class="categoryLinkOutput"><span class="menuItemLabel lowerLevelMenuListItem">female hair removal</span></p> </a> <span data-icon="5" aria-hidden="true" class="globalNavArrow"></span> <div id="subcategoryLink_1590591_1595018_1603619" class="subcategoryMenu" role="menu" data-parent="departmentMenu_1590591_1595018" style="top:0"> <ul id="subcategoryList" class="subcategoryList"> <li class="mobileNavBackButtons" onclick="toggle(document.getElementById(&quot;subcategoryLink_1590591_1595018_1603619&quot;)),setUpMobileBurgerMenu(this,&quot;subcategoryLink_1590591_1595018_1603619&quot;)"> <span data-icon="4" aria-hidden="true" class="mobileBackArrow"></span> <a class="mobileBackLink" tabindex="10"> <span class="menuItemLabel lowerLevelMenuListItem">female hair removal</span> </a> </li> <li> <a id="categoryLink_1590591_1595018_1603619" name="Supermenu:Shop by department:toiletries:View all female hair removal" onfocus="addBackgroundColourOnFocus(this)" onclick="analyticsJS.headObjectEventGtm(&quot;Shop by department : toiletries : visit female hair removal&quot;)" onblur="removeBackgroundColourOnFocus(this)" href="https://www.boots.com/toiletries/skincare-female-hair-removal" tabindex="10" class="viewAllHeader"> <p class="subcategoryLinkOutput"><span class="menuItemLabel lowerLevelMenuListItem">visit&nbsp;female hair removal</span></p> </a> </li> </ul> </div> </li> <li class="categoryMenuListItem"> <a id="categoryLink_1590591_1595018_2139186" onfocus="addBackgroundColourOnFocus(this)" onblur="removeBackgroundColourOnFocus(this)" aria-label="link" href="javascript:;" name="Supermenu:Shop by department:toiletries:skincare" title="skincare" class="menuLink categoryLinkItem anchorDataToggle" role="menuitem" data-toggle="subcategoryLink_1590591_1595018_2139186" tabindex="9"> <p class="categoryLinkOutput"><span class="menuItemLabel lowerLevelMenuListItem">skincare</span></p> </a> <span data-icon="5" aria-hidden="true" class="globalNavArrow"></span> <div id="subcategoryLink_1590591_1595018_2139186" class="subcategoryMenu" role="menu" data-parent="departmentMenu_1590591_1595018" style="top:0"> <ul id="subcategoryList" class="subcategoryList"> <li class="mobileNavBackButtons" onclick="toggle(document.getElementById(&quot;subcategoryLink_1590591_1595018_2139186&quot;)),setUpMobileBurgerMenu(this,&quot;subcategoryLink_1590591_1595018_2139186&quot;)"> <span data-icon="4" aria-hidden="true" class="mobileBackArrow"></span> <a class="mobileBackLink" tabindex="10"> <span class="menuItemLabel lowerLevelMenuListItem">skincare</span> </a> </li> <li> <a id="categoryLink_1590591_1595018_2139186" name="Supermenu:Shop by department:toiletries:View all skincare" onfocus="addBackgroundColourOnFocus(this)" onclick="analyticsJS.headObjectEventGtm(&quot;Shop by department : toiletries : visit skincare&quot;)" onblur="removeBackgroundColourOnFocus(this)" href="https://www.boots.com/toiletries/skincare" tabindex="10" class="viewAllHeader"> <p class="subcategoryLinkOutput"><span class="menuItemLabel lowerLevelMenuListItem">visit&nbsp;skincare</span></p> </a> </li> </ul> </div> </li> <li class="categoryMenuListItem"> <a id="categoryLink_1590591_1595018_1595087" onfocus="addBackgroundColourOnFocus(this)" onblur="removeBackgroundColourOnFocus(this)" aria-label="link" href="javascript:;" name="Supermenu:Shop by department:toiletries:incontinence" title="incontinence" class="menuLink categoryLinkItem anchorDataToggle" role="menuitem" data-toggle="subcategoryLink_1590591_1595018_1595087" tabindex="9"> <p class="categoryLinkOutput"><span class="menuItemLabel lowerLevelMenuListItem">incontinence</span></p> </a> <span data-icon="5" aria-hidden="true" class="globalNavArrow"></span> <div id="subcategoryLink_1590591_1595018_1595087" class="subcategoryMenu" role="menu" data-parent="departmentMenu_1590591_1595018" style="top:0"> <ul id="subcategoryList" class="subcategoryList"> <li class="mobileNavBackButtons" onclick="toggle(document.getElementById(&quot;subcategoryLink_1590591_1595018_1595087&quot;)),setUpMobileBurgerMenu(this,&quot;subcategoryLink_1590591_1595018_1595087&quot;)"> <span data-icon="4" aria-hidden="true" class="mobileBackArrow"></span> <a class="mobileBackLink" tabindex="10"> <span class="menuItemLabel lowerLevelMenuListItem">incontinence</span> </a> </li> <li> <a id="categoryLink_1590591_1595018_1595087" name="Supermenu:Shop by department:toiletries:View all incontinence" onfocus="addBackgroundColourOnFocus(this)" onclick="analyticsJS.headObjectEventGtm(&quot;Shop by department : toiletries : visit incontinence&quot;)" onblur="removeBackgroundColourOnFocus(this)" href="https://www.boots.com/toiletries/incontinence" tabindex="10" class="viewAllHeader"> <p class="subcategoryLinkOutput"><span class="menuItemLabel lowerLevelMenuListItem">visit&nbsp;incontinence</span></p> </a> </li> </ul> </div> </li> <li class="categoryMenuListItem"> <a id="categoryLink_1590591_1595018_1595055" onfocus="addBackgroundColourOnFocus(this)" onblur="removeBackgroundColourOnFocus(this)" aria-label="link" href="javascript:;" name="Supermenu:Shop by department:toiletries:suncare" title="suncare" class="menuLink categoryLinkItem anchorDataToggle" role="menuitem" data-toggle="subcategoryLink_1590591_1595018_1595055" tabindex="9"> <p class="categoryLinkOutput"><span class="menuItemLabel lowerLevelMenuListItem">suncare</span></p> </a> <span data-icon="5" aria-hidden="true" class="globalNavArrow"></span> <div id="subcategoryLink_1590591_1595018_1595055" class="subcategoryMenu" role="menu" data-parent="departmentMenu_1590591_1595018" style="top:0"> <ul id="subcategoryList" class="subcategoryList"> <li class="mobileNavBackButtons" onclick="toggle(document.getElementById(&quot;subcategoryLink_1590591_1595018_1595055&quot;)),setUpMobileBurgerMenu(this,&quot;subcategoryLink_1590591_1595018_1595055&quot;)"> <span data-icon="4" aria-hidden="true" class="mobileBackArrow"></span> <a class="mobileBackLink" tabindex="10"> <span class="menuItemLabel lowerLevelMenuListItem">suncare</span> </a> </li> <li> <a id="categoryLink_1590591_1595018_1595055" name="Supermenu:Shop by department:toiletries:View all suncare" onfocus="addBackgroundColourOnFocus(this)" onclick="analyticsJS.headObjectEventGtm(&quot;Shop by department : toiletries : visit suncare&quot;)" onblur="removeBackgroundColourOnFocus(this)" href="https://www.boots.com/toiletries/suncare" tabindex="10" class="viewAllHeader"> <p class="subcategoryLinkOutput"><span class="menuItemLabel lowerLevelMenuListItem">visit&nbsp;suncare</span></p> </a> </li> </ul> </div> </li> </ul> </div> </li> <li class="departmentMenuListItem"> <a id="departmentLink_1933680" onfocus="addBackgroundColourOnFocus(this)" onblur="removeBackgroundColourOnFocus(this)" name="Supermenu:Shop by department:men's" title="men's" href="javascript:;" class="11 link menuLink departmentLinkItem anchorDataToggle" data-toggle="departmentMenu_1590591_1933680" role="menuitem" tabindex="8" aria-label="link, collapsed content"> <p class="departmentLinkOutput"><span class="menuItemLabel lowerLevelMenuListItem">men's</span></p> </a> <span data-icon="5" aria-hidden="true" class="globalNavArrow" id="departmenrGlobalNavArrow"></span> <div id="departmentMenu_1590591_1933680" class="departmentMenu departmentList" role="menu" data-parent="departmentMenu" data-id="1933680" aria-label="men's" style="top:65px" data-espot-show="ESpot_mens"> <ul id="catergoryList" class="categoryList" data-parent="departmentMenu" data-toggle="departmentMenu_1590591_1933680" style="top:-65px"> <li class="mobileNavBackButtons" onclick="toggle(document.getElementById(&quot;departmentMenu_1590591_1933680&quot;)),setUpMobileBurgerMenu(this,&quot;catergoryList&quot;)"> <span data-icon="4" aria-hidden="true" class="mobileBackArrow"></span> <a class="mobileBackLink" tabindex="9"> <span class="menuItemLabel lowerLevelMenuListItem">men's</span> </a> </li> <li class="categoryMenuListItem"> <a id="departmentLink_1933680_view_all" onfocus="addBackgroundColourOnFocus(this)" onblur="removeBackgroundColourOnFocus(this)" onclick="analyticsJS.headObjectEventGtm('Shop by department : visit men's' );" name="Supermenu:Shop by department:View all men's" href="https://www.boots.com/mens" class="viewAllHeader" role="menuitem" tabindex="9" data-toggle="subcategoryMenu"> <p class="categoryLinkOutput"><span class="menuItemLabel lowerLevelMenuListItem">visit&nbsp;men's</span></p> </a> </li> <li class="categoryMenuListItem"> <a id="categoryLink_1590591_1933680_2875190" onfocus="addBackgroundColourOnFocus(this)" onblur="removeBackgroundColourOnFocus(this)" aria-label="link" href="https://www.boots.com/mens/new-in-mens" name="Supermenu:Shop by department:men's:new in men's" title="new in men's" class="menuLink categoryLinkItem anchorDataToggle" role="menuitem" data-toggle="subcategoryMenu" onclick="analyticsJS.headObjectEventGtm('Shop by department:men's:new in men's' );" tabindex="9"> <p class="categoryLinkOutput"><span class="menuItemLabel lowerLevelMenuListItem">new in men's</span></p> </a> <span data-icon="5" aria-hidden="true" class="globalNavArrow hide"></span> <div id="subcategoryLink_1590591_1933680_2875190" class="subcategoryMenu" data-parent="departmentMenu_1590591_1933680" style="top:0"> </div> </li> <li class="categoryMenuListItem"> <a id="categoryLink_1590591_1933680_1595058" onfocus="addBackgroundColourOnFocus(this)" onblur="removeBackgroundColourOnFocus(this)" aria-label="link" href="javascript:;" name="Supermenu:Shop by department:men's:men's toiletries" title="men's toiletries" class="menuLink categoryLinkItem anchorDataToggle" role="menuitem" data-toggle="subcategoryLink_1590591_1933680_1595058" tabindex="9"> <p class="categoryLinkOutput"><span class="menuItemLabel lowerLevelMenuListItem">men's toiletries</span></p> </a> <span data-icon="5" aria-hidden="true" class="globalNavArrow"></span> <div id="subcategoryLink_1590591_1933680_1595058" class="subcategoryMenu" role="menu" data-parent="departmentMenu_1590591_1933680" style="top:0"> <ul id="subcategoryList" class="subcategoryList"> <li class="mobileNavBackButtons" onclick="toggle(document.getElementById(&quot;subcategoryLink_1590591_1933680_1595058&quot;)),setUpMobileBurgerMenu(this,&quot;subcategoryLink_1590591_1933680_1595058&quot;)"> <span data-icon="4" aria-hidden="true" class="mobileBackArrow"></span> <a class="mobileBackLink" tabindex="10"> <span class="menuItemLabel lowerLevelMenuListItem">men's toiletries</span> </a> </li> <li> <a id="categoryLink_1590591_1933680_1595058" name="Supermenu:Shop by department:men's:View all men's toiletries" onfocus="addBackgroundColourOnFocus(this)" onclick="analyticsJS.headObjectEventGtm('Shop by department : men's : visit men's toiletries' );" onblur="removeBackgroundColourOnFocus(this)" href="https://www.boots.com/mens/mens-toiletries" tabindex="10" class="viewAllHeader"> <p class="subcategoryLinkOutput"><span class="menuItemLabel lowerLevelMenuListItem">visit&nbsp;men's toiletries</span></p> </a> </li> </ul> </div> </li> <li class="categoryMenuListItem"> <a id="categoryLink_1590591_1933680_1943685" onfocus="addBackgroundColourOnFocus(this)" onblur="removeBackgroundColourOnFocus(this)" aria-label="link" href="https://www.boots.com/mens/mens-value-packs-and-bundles" name="Supermenu:Shop by department:men's:men's value packs &amp; bundles" title="men's value packs &amp; bundles" class="menuLink categoryLinkItem anchorDataToggle" role="menuitem" data-toggle="subcategoryMenu" onclick="analyticsJS.headObjectEventGtm('Shop by department:men's:men's value packs &amp; bundles' );" tabindex="9"> <p class="categoryLinkOutput"><span class="menuItemLabel lowerLevelMenuListItem">men's value packs &amp; bundles</span></p> </a> <span data-icon="5" aria-hidden="true" class="globalNavArrow hide"></span> <div id="subcategoryLink_1590591_1933680_1943685" class="subcategoryMenu" data-parent="departmentMenu_1590591_1933680" style="top:0"> </div> </li> <li class="categoryMenuListItem"> <a id="categoryLink_1590591_1933680_1595104" onfocus="addBackgroundColourOnFocus(this)" onblur="removeBackgroundColourOnFocus(this)" aria-label="link" href="javascript:;" name="Supermenu:Shop by department:men's:shaving &amp; grooming" title="shaving &amp; grooming" class="menuLink categoryLinkItem anchorDataToggle" role="menuitem" data-toggle="subcategoryLink_1590591_1933680_1595104" tabindex="9"> <p class="categoryLinkOutput"><span class="menuItemLabel lowerLevelMenuListItem">shaving &amp; grooming</span></p> </a> <span data-icon="5" aria-hidden="true" class="globalNavArrow"></span> <div id="subcategoryLink_1590591_1933680_1595104" class="subcategoryMenu" role="menu" data-parent="departmentMenu_1590591_1933680" style="top:0"> <ul id="subcategoryList" class="subcategoryList"> <li class="mobileNavBackButtons" onclick="toggle(document.getElementById(&quot;subcategoryLink_1590591_1933680_1595104&quot;)),setUpMobileBurgerMenu(this,&quot;subcategoryLink_1590591_1933680_1595104&quot;)"> <span data-icon="4" aria-hidden="true" class="mobileBackArrow"></span> <a class="mobileBackLink" tabindex="10"> <span class="menuItemLabel lowerLevelMenuListItem">shaving &amp; grooming</span> </a> </li> <li> <a id="categoryLink_1590591_1933680_1595104" name="Supermenu:Shop by department:men's:View all shaving &amp; grooming" onfocus="addBackgroundColourOnFocus(this)" onclick="analyticsJS.headObjectEventGtm('Shop by department : men's : visit shaving &amp; grooming' );" onblur="removeBackgroundColourOnFocus(this)" href="https://www.boots.com/mens/shaving-grooming" tabindex="10" class="viewAllHeader"> <p class="subcategoryLinkOutput"><span class="menuItemLabel lowerLevelMenuListItem">visit&nbsp;shaving &amp; grooming</span></p> </a> </li> </ul> </div> </li> <li class="categoryMenuListItem"> <a id="categoryLink_1590591_1933680_1595105" onfocus="addBackgroundColourOnFocus(this)" onblur="removeBackgroundColourOnFocus(this)" aria-label="link" href="javascript:;" name="Supermenu:Shop by department:men's:men's skincare &amp; body" title="men's skincare &amp; body" class="menuLink categoryLinkItem anchorDataToggle" role="menuitem" data-toggle="subcategoryLink_1590591_1933680_1595105" tabindex="9"> <p class="categoryLinkOutput"><span class="menuItemLabel lowerLevelMenuListItem">men's skincare &amp; body</span></p> </a> <span data-icon="5" aria-hidden="true" class="globalNavArrow"></span> <div id="subcategoryLink_1590591_1933680_1595105" class="subcategoryMenu" role="menu" data-parent="departmentMenu_1590591_1933680" style="top:0"> <ul id="subcategoryList" class="subcategoryList"> <li class="mobileNavBackButtons" onclick="toggle(document.getElementById(&quot;subcategoryLink_1590591_1933680_1595105&quot;)),setUpMobileBurgerMenu(this,&quot;subcategoryLink_1590591_1933680_1595105&quot;)"> <span data-icon="4" aria-hidden="true" class="mobileBackArrow"></span> <a class="mobileBackLink" tabindex="10"> <span class="menuItemLabel lowerLevelMenuListItem">men's skincare &amp; body</span> </a> </li> <li> <a id="categoryLink_1590591_1933680_1595105" name="Supermenu:Shop by department:men's:View all men's skincare &amp; body" onfocus="addBackgroundColourOnFocus(this)" onclick="analyticsJS.headObjectEventGtm('Shop by department : men's : visit men's skincare &amp; body' );" onblur="removeBackgroundColourOnFocus(this)" href="https://www.boots.com/mens/skincare-body" tabindex="10" class="viewAllHeader"> <p class="subcategoryLinkOutput"><span class="menuItemLabel lowerLevelMenuListItem">visit&nbsp;men's skincare &amp; body</span></p> </a> </li> </ul> </div> </li> <li class="categoryMenuListItem"> <a id="categoryLink_1590591_1933680_1595067" onfocus="addBackgroundColourOnFocus(this)" onblur="removeBackgroundColourOnFocus(this)" aria-label="link" href="javascript:;" name="Supermenu:Shop by department:men's:male grooming tools" title="male grooming tools" class="menuLink categoryLinkItem anchorDataToggle" role="menuitem" data-toggle="subcategoryLink_1590591_1933680_1595067" tabindex="9"> <p class="categoryLinkOutput"><span class="menuItemLabel lowerLevelMenuListItem">male grooming tools</span></p> </a> <span data-icon="5" aria-hidden="true" class="globalNavArrow"></span> <div id="subcategoryLink_1590591_1933680_1595067" class="subcategoryMenu" role="menu" data-parent="departmentMenu_1590591_1933680" style="top:0"> <ul id="subcategoryList" class="subcategoryList"> <li class="mobileNavBackButtons" onclick="toggle(document.getElementById(&quot;subcategoryLink_1590591_1933680_1595067&quot;)),setUpMobileBurgerMenu(this,&quot;subcategoryLink_1590591_1933680_1595067&quot;)"> <span data-icon="4" aria-hidden="true" class="mobileBackArrow"></span> <a class="mobileBackLink" tabindex="10"> <span class="menuItemLabel lowerLevelMenuListItem">male grooming tools</span> </a> </li> <li> <a id="categoryLink_1590591_1933680_1595067" name="Supermenu:Shop by department:men's:View all male grooming tools" onfocus="addBackgroundColourOnFocus(this)" onclick="analyticsJS.headObjectEventGtm('Shop by department : men's : visit male grooming tools' );" onblur="removeBackgroundColourOnFocus(this)" href="https://www.boots.com/mens/male-grooming-tools" tabindex="10" class="viewAllHeader"> <p class="subcategoryLinkOutput"><span class="menuItemLabel lowerLevelMenuListItem">visit&nbsp;male grooming tools</span></p> </a> </li> </ul> </div> </li> <li class="categoryMenuListItem"> <a id="categoryLink_1590591_1933680_1595533" onfocus="addBackgroundColourOnFocus(this)" onblur="removeBackgroundColourOnFocus(this)" aria-label="link" href="javascript:;" name="Supermenu:Shop by department:men's:male incontinence" title="male incontinence" class="menuLink categoryLinkItem anchorDataToggle" role="menuitem" data-toggle="subcategoryLink_1590591_1933680_1595533" tabindex="9"> <p class="categoryLinkOutput"><span class="menuItemLabel lowerLevelMenuListItem">male incontinence</span></p> </a> <span data-icon="5" aria-hidden="true" class="globalNavArrow"></span> <div id="subcategoryLink_1590591_1933680_1595533" class="subcategoryMenu" role="menu" data-parent="departmentMenu_1590591_1933680" style="top:0"> <ul id="subcategoryList" class="subcategoryList"> <li class="mobileNavBackButtons" onclick="toggle(document.getElementById(&quot;subcategoryLink_1590591_1933680_1595533&quot;)),setUpMobileBurgerMenu(this,&quot;subcategoryLink_1590591_1933680_1595533&quot;)"> <span data-icon="4" aria-hidden="true" class="mobileBackArrow"></span> <a class="mobileBackLink" tabindex="10"> <span class="menuItemLabel lowerLevelMenuListItem">male incontinence</span> </a> </li> <li> <a id="categoryLink_1590591_1933680_1595533" name="Supermenu:Shop by department:men's:View all male incontinence" onfocus="addBackgroundColourOnFocus(this)" onclick="analyticsJS.headObjectEventGtm('Shop by department : men's : visit male incontinence' );" onblur="removeBackgroundColourOnFocus(this)" href="https://www.boots.com/mens/male-incontinence" tabindex="10" class="viewAllHeader"> <p class="subcategoryLinkOutput"><span class="menuItemLabel lowerLevelMenuListItem">visit&nbsp;male incontinence</span></p> </a> </li> </ul> </div> </li> <li class="categoryMenuListItem"> <a id="categoryLink_1590591_1933680_1595029" onfocus="addBackgroundColourOnFocus(this)" onblur="removeBackgroundColourOnFocus(this)" aria-label="link" href="javascript:;" name="Supermenu:Shop by department:men's:men's health" title="men's health" class="menuLink categoryLinkItem anchorDataToggle" role="menuitem" data-toggle="subcategoryLink_1590591_1933680_1595029" tabindex="9"> <p class="categoryLinkOutput"><span class="menuItemLabel lowerLevelMenuListItem">men's health</span></p> </a> <span data-icon="5" aria-hidden="true" class="globalNavArrow"></span> <div id="subcategoryLink_1590591_1933680_1595029" class="subcategoryMenu" role="menu" data-parent="departmentMenu_1590591_1933680" style="top:0"> <ul id="subcategoryList" class="subcategoryList"> <li class="mobileNavBackButtons" onclick="toggle(document.getElementById(&quot;subcategoryLink_1590591_1933680_1595029&quot;)),setUpMobileBurgerMenu(this,&quot;subcategoryLink_1590591_1933680_1595029&quot;)"> <span data-icon="4" aria-hidden="true" class="mobileBackArrow"></span> <a class="mobileBackLink" tabindex="10"> <span class="menuItemLabel lowerLevelMenuListItem">men's health</span> </a> </li> <li> <a id="categoryLink_1590591_1933680_1595029" name="Supermenu:Shop by department:men's:View all men's health" onfocus="addBackgroundColourOnFocus(this)" onclick="analyticsJS.headObjectEventGtm('Shop by department : men's : visit men's health' );" onblur="removeBackgroundColourOnFocus(this)" href="https://www.boots.com/mens/menshealth" tabindex="10" class="viewAllHeader"> <p class="subcategoryLinkOutput"><span class="menuItemLabel lowerLevelMenuListItem">visit&nbsp;men's health</span></p> </a> </li> </ul> </div> </li> <li class="categoryMenuListItem"> <a id="categoryLink_1590591_1933680_1595044" onfocus="addBackgroundColourOnFocus(this)" onblur="removeBackgroundColourOnFocus(this)" aria-label="link" href="javascript:;" name="Supermenu:Shop by department:men's:aftershave" title="aftershave" class="menuLink categoryLinkItem anchorDataToggle" role="menuitem" data-toggle="subcategoryLink_1590591_1933680_1595044" tabindex="9"> <p class="categoryLinkOutput"><span class="menuItemLabel lowerLevelMenuListItem">aftershave</span></p> </a> <span data-icon="5" aria-hidden="true" class="globalNavArrow"></span> <div id="subcategoryLink_1590591_1933680_1595044" class="subcategoryMenu" role="menu" data-parent="departmentMenu_1590591_1933680" style="top:0"> <ul id="subcategoryList" class="subcategoryList"> <li class="mobileNavBackButtons" onclick="toggle(document.getElementById(&quot;subcategoryLink_1590591_1933680_1595044&quot;)),setUpMobileBurgerMenu(this,&quot;subcategoryLink_1590591_1933680_1595044&quot;)"> <span data-icon="4" aria-hidden="true" class="mobileBackArrow"></span> <a class="mobileBackLink" tabindex="10"> <span class="menuItemLabel lowerLevelMenuListItem">aftershave</span> </a> </li> <li> <a id="categoryLink_1590591_1933680_1595044" name="Supermenu:Shop by department:men's:View all aftershave" onfocus="addBackgroundColourOnFocus(this)" onclick="analyticsJS.headObjectEventGtm('Shop by department : men's : visit aftershave' );" onblur="removeBackgroundColourOnFocus(this)" href="https://www.boots.com/mens/aftershave" tabindex="10" class="viewAllHeader"> <p class="subcategoryLinkOutput"><span class="menuItemLabel lowerLevelMenuListItem">visit&nbsp;aftershave</span></p> </a> </li> </ul> </div> </li> <li class="categoryMenuListItem"> <a id="categoryLink_1590591_1933680_1816681" onfocus="addBackgroundColourOnFocus(this)" onblur="removeBackgroundColourOnFocus(this)" aria-label="link" href="https://www.boots.com/mens/mens-gift-sets" name="Supermenu:Shop by department:men's:men's gift sets" title="men's gift sets" class="menuLink categoryLinkItem anchorDataToggle" role="menuitem" data-toggle="subcategoryMenu" onclick="analyticsJS.headObjectEventGtm('Shop by department:men's:men's gift sets' );" tabindex="9"> <p class="categoryLinkOutput"><span class="menuItemLabel lowerLevelMenuListItem">men's gift sets</span></p> </a> <span data-icon="5" aria-hidden="true" class="globalNavArrow hide"></span> <div id="subcategoryLink_1590591_1933680_1816681" class="subcategoryMenu" data-parent="departmentMenu_1590591_1933680" style="top:0"> </div> </li> </ul> </div> </li> <li class="departmentMenuListItem"> <a id="departmentLink_3257682" onfocus="addBackgroundColourOnFocus(this)" onblur="removeBackgroundColourOnFocus(this)" name="Supermenu:Shop by department:homeware" title="homeware" href="javascript:;" class="12 link menuLink departmentLinkItem anchorDataToggle" data-toggle="departmentMenu_1590591_3257682" role="menuitem" tabindex="8" aria-label="link, collapsed content"> <p class="departmentLinkOutput"><span class="menuItemLabel lowerLevelMenuListItem">homeware</span></p> </a> <span data-icon="5" aria-hidden="true" class="globalNavArrow" id="departmenrGlobalNavArrow"></span> <div id="departmentMenu_1590591_3257682" class="departmentMenu departmentList" role="menu" data-parent="departmentMenu" data-id="3257682" aria-label="homeware" style="top:65px" data-espot-show="ESpot_homeware"> <ul id="catergoryList" class="categoryList" data-parent="departmentMenu" data-toggle="departmentMenu_1590591_3257682" style="top:-65px"> <li class="mobileNavBackButtons" onclick="toggle(document.getElementById(&quot;departmentMenu_1590591_3257682&quot;)),setUpMobileBurgerMenu(this,&quot;catergoryList&quot;)"> <span data-icon="4" aria-hidden="true" class="mobileBackArrow"></span> <a class="mobileBackLink" tabindex="9"> <span class="menuItemLabel lowerLevelMenuListItem">homeware</span> </a> </li> <li class="categoryMenuListItem"> <a id="departmentLink_3257682_view_all" onfocus="addBackgroundColourOnFocus(this)" onblur="removeBackgroundColourOnFocus(this)" onclick="analyticsJS.headObjectEventGtm(&quot;Shop by department : visit homeware&quot;)" name="Supermenu:Shop by department:View all homeware" href="https://www.boots.com/homeware" class="viewAllHeader" role="menuitem" tabindex="9" data-toggle="subcategoryMenu"> <p class="categoryLinkOutput"><span class="menuItemLabel lowerLevelMenuListItem">visit&nbsp;homeware</span></p> </a> </li> <li class="categoryMenuListItem"> <a id="categoryLink_1590591_3257682_2967691" onfocus="addBackgroundColourOnFocus(this)" onblur="removeBackgroundColourOnFocus(this)" aria-label="link" href="javascript:;" name="Supermenu:Shop by department:homeware:home appliances &amp; accessories" title="home appliances &amp; accessories" class="menuLink categoryLinkItem anchorDataToggle" role="menuitem" data-toggle="subcategoryLink_1590591_3257682_2967691" tabindex="9"> <p class="categoryLinkOutput"><span class="menuItemLabel lowerLevelMenuListItem">home appliances &amp; accessories</span></p> </a> <span data-icon="5" aria-hidden="true" class="globalNavArrow"></span> <div id="subcategoryLink_1590591_3257682_2967691" class="subcategoryMenu" role="menu" data-parent="departmentMenu_1590591_3257682" style="top:0"> <ul id="subcategoryList" class="subcategoryList"> <li class="mobileNavBackButtons" onclick="toggle(document.getElementById(&quot;subcategoryLink_1590591_3257682_2967691&quot;)),setUpMobileBurgerMenu(this,&quot;subcategoryLink_1590591_3257682_2967691&quot;)"> <span data-icon="4" aria-hidden="true" class="mobileBackArrow"></span> <a class="mobileBackLink" tabindex="10"> <span class="menuItemLabel lowerLevelMenuListItem">home appliances &amp; accessories</span> </a> </li> <li> <a id="categoryLink_1590591_3257682_2967691" name="Supermenu:Shop by department:homeware:View all home appliances &amp; accessories" onfocus="addBackgroundColourOnFocus(this)" onclick="analyticsJS.headObjectEventGtm(&quot;Shop by department : homeware : visit home appliances &amp; accessories&quot;)" onblur="removeBackgroundColourOnFocus(this)" href="https://www.boots.com/homeware/appliances" tabindex="10" class="viewAllHeader"> <p class="subcategoryLinkOutput"><span class="menuItemLabel lowerLevelMenuListItem">visit&nbsp;home appliances &amp; accessories</span></p> </a> </li> </ul> </div> </li> <li class="categoryMenuListItem"> <a id="categoryLink_1590591_3257682_1595256" onfocus="addBackgroundColourOnFocus(this)" onblur="removeBackgroundColourOnFocus(this)" aria-label="link" href="https://www.boots.com/homeware/furniture-sets" name="Supermenu:Shop by department:homeware:nursery furniture" title="nursery furniture" class="menuLink categoryLinkItem anchorDataToggle" role="menuitem" data-toggle="subcategoryMenu" onclick="analyticsJS.headObjectEventGtm(&quot;Shop by department:homeware:nursery furniture&quot;)" tabindex="9"> <p class="categoryLinkOutput"><span class="menuItemLabel lowerLevelMenuListItem">nursery furniture</span></p> </a> <span data-icon="5" aria-hidden="true" class="globalNavArrow hide"></span> <div id="subcategoryLink_1590591_3257682_1595256" class="subcategoryMenu" data-parent="departmentMenu_1590591_3257682" style="top:0"> </div> </li> <li class="categoryMenuListItem"> <a id="categoryLink_1590591_3257682_3072181" onfocus="addBackgroundColourOnFocus(this)" onblur="removeBackgroundColourOnFocus(this)" aria-label="link" href="javascript:;" name="Supermenu:Shop by department:homeware:bedding" title="bedding" class="menuLink categoryLinkItem anchorDataToggle" role="menuitem" data-toggle="subcategoryLink_1590591_3257682_3072181" tabindex="9"> <p class="categoryLinkOutput"><span class="menuItemLabel lowerLevelMenuListItem">bedding</span></p> </a> <span data-icon="5" aria-hidden="true" class="globalNavArrow"></span> <div id="subcategoryLink_1590591_3257682_3072181" class="subcategoryMenu" role="menu" data-parent="departmentMenu_1590591_3257682" style="top:0"> <ul id="subcategoryList" class="subcategoryList"> <li class="mobileNavBackButtons" onclick="toggle(document.getElementById(&quot;subcategoryLink_1590591_3257682_3072181&quot;)),setUpMobileBurgerMenu(this,&quot;subcategoryLink_1590591_3257682_3072181&quot;)"> <span data-icon="4" aria-hidden="true" class="mobileBackArrow"></span> <a class="mobileBackLink" tabindex="10"> <span class="menuItemLabel lowerLevelMenuListItem">bedding</span> </a> </li> <li> <a id="categoryLink_1590591_3257682_3072181" name="Supermenu:Shop by department:homeware:View all bedding" onfocus="addBackgroundColourOnFocus(this)" onclick="analyticsJS.headObjectEventGtm(&quot;Shop by department : homeware : visit bedding&quot;)" onblur="removeBackgroundColourOnFocus(this)" href="https://www.boots.com/homeware/bedding" tabindex="10" class="viewAllHeader"> <p class="subcategoryLinkOutput"><span class="menuItemLabel lowerLevelMenuListItem">visit&nbsp;bedding</span></p> </a> </li> </ul> </div> </li> <li class="categoryMenuListItem"> <a id="categoryLink_1590591_3257682_1595030" onfocus="addBackgroundColourOnFocus(this)" onblur="removeBackgroundColourOnFocus(this)" aria-label="link" href="javascript:;" name="Supermenu:Shop by department:homeware:mobility &amp; daily living aids" title="mobility &amp; daily living aids" class="menuLink categoryLinkItem anchorDataToggle" role="menuitem" data-toggle="subcategoryLink_1590591_3257682_1595030" tabindex="9"> <p class="categoryLinkOutput"><span class="menuItemLabel lowerLevelMenuListItem">mobility &amp; daily living aids</span></p> </a> <span data-icon="5" aria-hidden="true" class="globalNavArrow"></span> <div id="subcategoryLink_1590591_3257682_1595030" class="subcategoryMenu" role="menu" data-parent="departmentMenu_1590591_3257682" style="top:0"> <ul id="subcategoryList" class="subcategoryList"> <li class="mobileNavBackButtons" onclick="toggle(document.getElementById(&quot;subcategoryLink_1590591_3257682_1595030&quot;)),setUpMobileBurgerMenu(this,&quot;subcategoryLink_1590591_3257682_1595030&quot;)"> <span data-icon="4" aria-hidden="true" class="mobileBackArrow"></span> <a class="mobileBackLink" tabindex="10"> <span class="menuItemLabel lowerLevelMenuListItem">mobility &amp; daily living aids</span> </a> </li> <li> <a id="categoryLink_1590591_3257682_1595030" name="Supermenu:Shop by department:homeware:View all mobility &amp; daily living aids" onfocus="addBackgroundColourOnFocus(this)" onclick="analyticsJS.headObjectEventGtm(&quot;Shop by department : homeware : visit mobility &amp; daily living aids&quot;)" onblur="removeBackgroundColourOnFocus(this)" href="https://www.boots.com/homeware/livingaids" tabindex="10" class="viewAllHeader"> <p class="subcategoryLinkOutput"><span class="menuItemLabel lowerLevelMenuListItem">visit&nbsp;mobility &amp; daily living aids</span></p> </a> </li> </ul> </div> </li> <li class="categoryMenuListItem"> <a id="categoryLink_1590591_3257682_2967698" onfocus="addBackgroundColourOnFocus(this)" onblur="removeBackgroundColourOnFocus(this)" aria-label="link" href="https://www.boots.com/homeware/fans-heaters-humidifiers" name="Supermenu:Shop by department:homeware:fans heaters &amp; humidifiers" title="fans heaters &amp; humidifiers" class="menuLink categoryLinkItem anchorDataToggle" role="menuitem" data-toggle="subcategoryMenu" onclick="analyticsJS.headObjectEventGtm(&quot;Shop by department:homeware:fans heaters &amp; humidifiers&quot;)" tabindex="9"> <p class="categoryLinkOutput"><span class="menuItemLabel lowerLevelMenuListItem">fans heaters &amp; humidifiers</span></p> </a> <span data-icon="5" aria-hidden="true" class="globalNavArrow hide"></span> <div id="subcategoryLink_1590591_3257682_2967698" class="subcategoryMenu" data-parent="departmentMenu_1590591_3257682" style="top:0"> </div> </li> <li class="categoryMenuListItem"> <a id="categoryLink_1590591_3257682_3309183" onfocus="addBackgroundColourOnFocus(this)" onblur="removeBackgroundColourOnFocus(this)" aria-label="link" href="javascript:;" name="Supermenu:Shop by department:homeware:home furnishings &amp; accessories" title="home furnishings &amp; accessories" class="menuLink categoryLinkItem anchorDataToggle" role="menuitem" data-toggle="subcategoryLink_1590591_3257682_3309183" tabindex="9"> <p class="categoryLinkOutput"><span class="menuItemLabel lowerLevelMenuListItem">home furnishings &amp; accessories</span></p> </a> <span data-icon="5" aria-hidden="true" class="globalNavArrow"></span> <div id="subcategoryLink_1590591_3257682_3309183" class="subcategoryMenu" role="menu" data-parent="departmentMenu_1590591_3257682" style="top:0"> <ul id="subcategoryList" class="subcategoryList"> <li class="mobileNavBackButtons" onclick="toggle(document.getElementById(&quot;subcategoryLink_1590591_3257682_3309183&quot;)),setUpMobileBurgerMenu(this,&quot;subcategoryLink_1590591_3257682_3309183&quot;)"> <span data-icon="4" aria-hidden="true" class="mobileBackArrow"></span> <a class="mobileBackLink" tabindex="10"> <span class="menuItemLabel lowerLevelMenuListItem">home furnishings &amp; accessories</span> </a> </li> <li> <a id="categoryLink_1590591_3257682_3309183" name="Supermenu:Shop by department:homeware:View all home furnishings &amp; accessories" onfocus="addBackgroundColourOnFocus(this)" onclick="analyticsJS.headObjectEventGtm(&quot;Shop by department : homeware : visit home furnishings &amp; accessories&quot;)" onblur="removeBackgroundColourOnFocus(this)" href="https://www.boots.com/homeware/home-furnishings" tabindex="10" class="viewAllHeader"> <p class="subcategoryLinkOutput"><span class="menuItemLabel lowerLevelMenuListItem">visit&nbsp;home furnishings &amp; accessories</span></p> </a> </li> </ul> </div> </li> <li class="categoryMenuListItem"> <a id="categoryLink_1590591_3257682_1595084" onfocus="addBackgroundColourOnFocus(this)" onblur="removeBackgroundColourOnFocus(this)" aria-label="link" href="javascript:;" name="Supermenu:Shop by department:homeware:fitness equipment &amp; activity trackers" title="fitness equipment &amp; activity trackers" class="menuLink categoryLinkItem anchorDataToggle" role="menuitem" data-toggle="subcategoryLink_1590591_3257682_1595084" tabindex="9"> <p class="categoryLinkOutput"><span class="menuItemLabel lowerLevelMenuListItem">fitness equipment &amp; activity trackers</span></p> </a> <span data-icon="5" aria-hidden="true" class="globalNavArrow"></span> <div id="subcategoryLink_1590591_3257682_1595084" class="subcategoryMenu" role="menu" data-parent="departmentMenu_1590591_3257682" style="top:0"> <ul id="subcategoryList" class="subcategoryList"> <li class="mobileNavBackButtons" onclick="toggle(document.getElementById(&quot;subcategoryLink_1590591_3257682_1595084&quot;)),setUpMobileBurgerMenu(this,&quot;subcategoryLink_1590591_3257682_1595084&quot;)"> <span data-icon="4" aria-hidden="true" class="mobileBackArrow"></span> <a class="mobileBackLink" tabindex="10"> <span class="menuItemLabel lowerLevelMenuListItem">fitness equipment &amp; activity trackers</span> </a> </li> <li> <a id="categoryLink_1590591_3257682_1595084" name="Supermenu:Shop by department:homeware:View all fitness equipment &amp; activity trackers" onfocus="addBackgroundColourOnFocus(this)" onclick="analyticsJS.headObjectEventGtm(&quot;Shop by department : homeware : visit fitness equipment &amp; activity trackers&quot;)" onblur="removeBackgroundColourOnFocus(this)" href="https://www.boots.com/homeware/fitness" tabindex="10" class="viewAllHeader"> <p class="subcategoryLinkOutput"><span class="menuItemLabel lowerLevelMenuListItem">visit&nbsp;fitness equipment &amp; activity trackers</span></p> </a> </li> </ul> </div> </li> <li class="categoryMenuListItem"> <a id="categoryLink_1590591_3257682_1595061" onfocus="addBackgroundColourOnFocus(this)" onblur="removeBackgroundColourOnFocus(this)" aria-label="link" href="javascript:;" name="Supermenu:Shop by department:homeware:audio &amp; visual tech" title="audio &amp; visual tech" class="menuLink categoryLinkItem anchorDataToggle" role="menuitem" data-toggle="subcategoryLink_1590591_3257682_1595061" tabindex="9"> <p class="categoryLinkOutput"><span class="menuItemLabel lowerLevelMenuListItem">audio &amp; visual tech</span></p> </a> <span data-icon="5" aria-hidden="true" class="globalNavArrow"></span> <div id="subcategoryLink_1590591_3257682_1595061" class="subcategoryMenu" role="menu" data-parent="departmentMenu_1590591_3257682" style="top:0"> <ul id="subcategoryList" class="subcategoryList"> <li class="mobileNavBackButtons" onclick="toggle(document.getElementById(&quot;subcategoryLink_1590591_3257682_1595061&quot;)),setUpMobileBurgerMenu(this,&quot;subcategoryLink_1590591_3257682_1595061&quot;)"> <span data-icon="4" aria-hidden="true" class="mobileBackArrow"></span> <a class="mobileBackLink" tabindex="10"> <span class="menuItemLabel lowerLevelMenuListItem">audio &amp; visual tech</span> </a> </li> <li> <a id="categoryLink_1590591_3257682_1595061" name="Supermenu:Shop by department:homeware:View all audio &amp; visual tech" onfocus="addBackgroundColourOnFocus(this)" onclick="analyticsJS.headObjectEventGtm(&quot;Shop by department : homeware : visit audio &amp; visual tech&quot;)" onblur="removeBackgroundColourOnFocus(this)" href="https://www.boots.com/homeware/headphones-cameras-accessories" tabindex="10" class="viewAllHeader"> <p class="subcategoryLinkOutput"><span class="menuItemLabel lowerLevelMenuListItem">visit&nbsp;audio &amp; visual tech</span></p> </a> </li> </ul> </div> </li> <li class="categoryMenuListItem"> <a id="categoryLink_1590591_3257682_3055183" onfocus="addBackgroundColourOnFocus(this)" onblur="removeBackgroundColourOnFocus(this)" aria-label="link" href="https://www.boots.com/homeware/outdoor-living" name="Supermenu:Shop by department:homeware:outdoor living" title="outdoor living" class="menuLink categoryLinkItem anchorDataToggle" role="menuitem" data-toggle="subcategoryMenu" onclick="analyticsJS.headObjectEventGtm(&quot;Shop by department:homeware:outdoor living&quot;)" tabindex="9"> <p class="categoryLinkOutput"><span class="menuItemLabel lowerLevelMenuListItem">outdoor living</span></p> </a> <span data-icon="5" aria-hidden="true" class="globalNavArrow hide"></span> <div id="subcategoryLink_1590591_3257682_3055183" class="subcategoryMenu" data-parent="departmentMenu_1590591_3257682" style="top:0"> </div> </li> <li class="categoryMenuListItem"> <a id="categoryLink_1590591_3257682_1595158" onfocus="addBackgroundColourOnFocus(this)" onblur="removeBackgroundColourOnFocus(this)" aria-label="link" href="javascript:;" name="Supermenu:Shop by department:homeware:pet supplies &amp; accessories" title="pet supplies &amp; accessories" class="menuLink categoryLinkItem anchorDataToggle" role="menuitem" data-toggle="subcategoryLink_1590591_3257682_1595158" tabindex="9"> <p class="categoryLinkOutput"><span class="menuItemLabel lowerLevelMenuListItem">pet supplies &amp; accessories</span></p> </a> <span data-icon="5" aria-hidden="true" class="globalNavArrow"></span> <div id="subcategoryLink_1590591_3257682_1595158" class="subcategoryMenu" role="menu" data-parent="departmentMenu_1590591_3257682" style="top:0"> <ul id="subcategoryList" class="subcategoryList"> <li class="mobileNavBackButtons" onclick="toggle(document.getElementById(&quot;subcategoryLink_1590591_3257682_1595158&quot;)),setUpMobileBurgerMenu(this,&quot;subcategoryLink_1590591_3257682_1595158&quot;)"> <span data-icon="4" aria-hidden="true" class="mobileBackArrow"></span> <a class="mobileBackLink" tabindex="10"> <span class="menuItemLabel lowerLevelMenuListItem">pet supplies &amp; accessories</span> </a> </li> <li> <a id="categoryLink_1590591_3257682_1595158" name="Supermenu:Shop by department:homeware:View all pet supplies &amp; accessories" onfocus="addBackgroundColourOnFocus(this)" onclick="analyticsJS.headObjectEventGtm(&quot;Shop by department : homeware : visit pet supplies &amp; accessories&quot;)" onblur="removeBackgroundColourOnFocus(this)" href="https://www.boots.com/homeware/pet-care" tabindex="10" class="viewAllHeader"> <p class="subcategoryLinkOutput"><span class="menuItemLabel lowerLevelMenuListItem">visit&nbsp;pet supplies &amp; accessories</span></p> </a> </li> </ul> </div> </li> <li class="categoryMenuListItem"> <a id="categoryLink_1590591_3257682_1595151" onfocus="addBackgroundColourOnFocus(this)" onblur="removeBackgroundColourOnFocus(this)" aria-label="link" href="https://www.boots.com/homeware/laundry" name="Supermenu:Shop by department:homeware:laundry" title="laundry" class="menuLink categoryLinkItem anchorDataToggle" role="menuitem" data-toggle="subcategoryMenu" onclick="analyticsJS.headObjectEventGtm(&quot;Shop by department:homeware:laundry&quot;)" tabindex="9"> <p class="categoryLinkOutput"><span class="menuItemLabel lowerLevelMenuListItem">laundry</span></p> </a> <span data-icon="5" aria-hidden="true" class="globalNavArrow hide"></span> <div id="subcategoryLink_1590591_3257682_1595151" class="subcategoryMenu" data-parent="departmentMenu_1590591_3257682" style="top:0"> </div> </li> </ul> </div> </li> <li class="departmentMenuListItem"> <a id="departmentLink_1595020" onfocus="addBackgroundColourOnFocus(this)" onblur="removeBackgroundColourOnFocus(this)" name="Supermenu:Shop by department:opticians" title="opticians" href="javascript:;" class="13 link menuLink departmentLinkItem anchorDataToggle" data-toggle="departmentMenu_1590591_1595020" role="menuitem" tabindex="8" aria-label="link, collapsed content"> <p class="departmentLinkOutput"><span class="menuItemLabel lowerLevelMenuListItem">opticians</span></p> </a> <span data-icon="5" aria-hidden="true" class="globalNavArrow" id="departmenrGlobalNavArrow"></span> <div id="departmentMenu_1590591_1595020" class="departmentMenu departmentList" role="menu" data-parent="departmentMenu" data-id="1595020" aria-label="opticians" style="top:65px" data-espot-show="ESpot_opticians"> <ul id="catergoryList" class="categoryList" data-parent="departmentMenu" data-toggle="departmentMenu_1590591_1595020" style="top:-65px"> <li class="mobileNavBackButtons" onclick="toggle(document.getElementById(&quot;departmentMenu_1590591_1595020&quot;)),setUpMobileBurgerMenu(this,&quot;catergoryList&quot;)"> <span data-icon="4" aria-hidden="true" class="mobileBackArrow"></span> <a class="mobileBackLink" tabindex="9"> <span class="menuItemLabel lowerLevelMenuListItem">opticians</span> </a> </li> <li class="categoryMenuListItem"> <a id="departmentLink_1595020_view_all" onfocus="addBackgroundColourOnFocus(this)" onblur="removeBackgroundColourOnFocus(this)" onclick="analyticsJS.headObjectEventGtm(&quot;Shop by department : visit opticians&quot;)" name="Supermenu:Shop by department:View all opticians" href="https://www.boots.com/opticians" class="viewAllHeader" role="menuitem" tabindex="9" data-toggle="subcategoryMenu"> <p class="categoryLinkOutput"><span class="menuItemLabel lowerLevelMenuListItem">visit&nbsp;opticians</span></p> </a> </li> <li class="categoryMenuListItem"> <a id="categoryLink_1590591_1595020_1598788" onfocus="addBackgroundColourOnFocus(this)" onblur="removeBackgroundColourOnFocus(this)" aria-label="link" href="https://www.boots.com/opticians/eyetest" name="Supermenu:Shop by department:opticians:book an eye test" title="book an eye test" class="menuLink categoryLinkItem anchorDataToggle" role="menuitem" data-toggle="subcategoryMenu" onclick="analyticsJS.headObjectEventGtm(&quot;Shop by department:opticians:book an eye test&quot;)" tabindex="9"> <p class="categoryLinkOutput"><span class="menuItemLabel lowerLevelMenuListItem">book an eye test</span></p> </a> <span data-icon="5" aria-hidden="true" class="globalNavArrow hide"></span> <div id="subcategoryLink_1590591_1595020_1598788" class="subcategoryMenu" data-parent="departmentMenu_1590591_1595020" style="top:0"> </div> </li> <li class="categoryMenuListItem"> <a id="categoryLink_1590591_1595020_1595072" onfocus="addBackgroundColourOnFocus(this)" onblur="removeBackgroundColourOnFocus(this)" aria-label="link" href="javascript:;" name="Supermenu:Shop by department:opticians:opticians offers" title="opticians offers" class="menuLink categoryLinkItem anchorDataToggle" role="menuitem" data-toggle="subcategoryLink_1590591_1595020_1595072" tabindex="9"> <p class="categoryLinkOutput"><span class="menuItemLabel lowerLevelMenuListItem">opticians offers</span></p> </a> <span data-icon="5" aria-hidden="true" class="globalNavArrow"></span> <div id="subcategoryLink_1590591_1595020_1595072" class="subcategoryMenu" role="menu" data-parent="departmentMenu_1590591_1595020" style="top:0"> <ul id="subcategoryList" class="subcategoryList"> <li class="mobileNavBackButtons" onclick="toggle(document.getElementById(&quot;subcategoryLink_1590591_1595020_1595072&quot;)),setUpMobileBurgerMenu(this,&quot;subcategoryLink_1590591_1595020_1595072&quot;)"> <span data-icon="4" aria-hidden="true" class="mobileBackArrow"></span> <a class="mobileBackLink" tabindex="10"> <span class="menuItemLabel lowerLevelMenuListItem">opticians offers</span> </a> </li> <li> <a id="categoryLink_1590591_1595020_1595072" name="Supermenu:Shop by department:opticians:View all opticians offers" onfocus="addBackgroundColourOnFocus(this)" onclick="analyticsJS.headObjectEventGtm(&quot;Shop by department : opticians : visit opticians offers&quot;)" onblur="removeBackgroundColourOnFocus(this)" href="https://www.boots.com/opticians/opticians-offers" tabindex="10" class="viewAllHeader"> <p class="subcategoryLinkOutput"><span class="menuItemLabel lowerLevelMenuListItem">visit&nbsp;opticians offers</span></p> </a> </li> </ul> </div> </li> <li class="categoryMenuListItem"> <a id="categoryLink_1590591_1595020_1595068" onfocus="addBackgroundColourOnFocus(this)" onblur="removeBackgroundColourOnFocus(this)" aria-label="link" href="javascript:;" name="Supermenu:Shop by department:opticians:glasses frames" title="glasses frames" class="menuLink categoryLinkItem anchorDataToggle" role="menuitem" data-toggle="subcategoryLink_1590591_1595020_1595068" tabindex="9"> <p class="categoryLinkOutput"><span class="menuItemLabel lowerLevelMenuListItem">glasses frames</span></p> </a> <span data-icon="5" aria-hidden="true" class="globalNavArrow"></span> <div id="subcategoryLink_1590591_1595020_1595068" class="subcategoryMenu" role="menu" data-parent="departmentMenu_1590591_1595020" style="top:0"> <ul id="subcategoryList" class="subcategoryList"> <li class="mobileNavBackButtons" onclick="toggle(document.getElementById(&quot;subcategoryLink_1590591_1595020_1595068&quot;)),setUpMobileBurgerMenu(this,&quot;subcategoryLink_1590591_1595020_1595068&quot;)"> <span data-icon="4" aria-hidden="true" class="mobileBackArrow"></span> <a class="mobileBackLink" tabindex="10"> <span class="menuItemLabel lowerLevelMenuListItem">glasses frames</span> </a> </li> <li> <a id="categoryLink_1590591_1595020_1595068" name="Supermenu:Shop by department:opticians:View all glasses frames" onfocus="addBackgroundColourOnFocus(this)" onclick="analyticsJS.headObjectEventGtm(&quot;Shop by department : opticians : visit glasses frames&quot;)" onblur="removeBackgroundColourOnFocus(this)" href="https://www.boots.com/opticians/glasses" tabindex="10" class="viewAllHeader"> <p class="subcategoryLinkOutput"><span class="menuItemLabel lowerLevelMenuListItem">visit&nbsp;glasses frames</span></p> </a> </li> </ul> </div> </li> <li class="categoryMenuListItem"> <a id="categoryLink_1590591_1595020_2443181" onfocus="addBackgroundColourOnFocus(this)" onblur="removeBackgroundColourOnFocus(this)" aria-label="link" href="javascript:;" name="Supermenu:Shop by department:opticians:glasses lenses" title="glasses lenses" class="menuLink categoryLinkItem anchorDataToggle" role="menuitem" data-toggle="subcategoryLink_1590591_1595020_2443181" tabindex="9"> <p class="categoryLinkOutput"><span class="menuItemLabel lowerLevelMenuListItem">glasses lenses</span></p> </a> <span data-icon="5" aria-hidden="true" class="globalNavArrow"></span> <div id="subcategoryLink_1590591_1595020_2443181" class="subcategoryMenu" role="menu" data-parent="departmentMenu_1590591_1595020" style="top:0"> <ul id="subcategoryList" class="subcategoryList"> <li class="mobileNavBackButtons" onclick="toggle(document.getElementById(&quot;subcategoryLink_1590591_1595020_2443181&quot;)),setUpMobileBurgerMenu(this,&quot;subcategoryLink_1590591_1595020_2443181&quot;)"> <span data-icon="4" aria-hidden="true" class="mobileBackArrow"></span> <a class="mobileBackLink" tabindex="10"> <span class="menuItemLabel lowerLevelMenuListItem">glasses lenses</span> </a> </li> <li> <a id="categoryLink_1590591_1595020_2443181" name="Supermenu:Shop by department:opticians:View all glasses lenses" onfocus="addBackgroundColourOnFocus(this)" onclick="analyticsJS.headObjectEventGtm(&quot;Shop by department : opticians : visit glasses lenses&quot;)" onblur="removeBackgroundColourOnFocus(this)" href="https://www.boots.com/opticians/prescription-lenses" tabindex="10" class="viewAllHeader"> <p class="subcategoryLinkOutput"><span class="menuItemLabel lowerLevelMenuListItem">visit&nbsp;glasses lenses</span></p> </a> </li> </ul> </div> </li> <li class="categoryMenuListItem"> <a id="categoryLink_1590591_1595020_1595071" onfocus="addBackgroundColourOnFocus(this)" onblur="removeBackgroundColourOnFocus(this)" aria-label="link" href="javascript:;" name="Supermenu:Shop by department:opticians:contact lenses" title="contact lenses" class="menuLink categoryLinkItem anchorDataToggle" role="menuitem" data-toggle="subcategoryLink_1590591_1595020_1595071" tabindex="9"> <p class="categoryLinkOutput"><span class="menuItemLabel lowerLevelMenuListItem">contact lenses</span></p> </a> <span data-icon="5" aria-hidden="true" class="globalNavArrow"></span> <div id="subcategoryLink_1590591_1595020_1595071" class="subcategoryMenu" role="menu" data-parent="departmentMenu_1590591_1595020" style="top:0"> <ul id="subcategoryList" class="subcategoryList"> <li class="mobileNavBackButtons" onclick="toggle(document.getElementById(&quot;subcategoryLink_1590591_1595020_1595071&quot;)),setUpMobileBurgerMenu(this,&quot;subcategoryLink_1590591_1595020_1595071&quot;)"> <span data-icon="4" aria-hidden="true" class="mobileBackArrow"></span> <a class="mobileBackLink" tabindex="10"> <span class="menuItemLabel lowerLevelMenuListItem">contact lenses</span> </a> </li> <li> <a id="categoryLink_1590591_1595020_1595071" name="Supermenu:Shop by department:opticians:View all contact lenses" onfocus="addBackgroundColourOnFocus(this)" onclick="analyticsJS.headObjectEventGtm(&quot;Shop by department : opticians : visit contact lenses&quot;)" onblur="removeBackgroundColourOnFocus(this)" href="https://www.boots.com/opticians/contactlenses" tabindex="10" class="viewAllHeader"> <p class="subcategoryLinkOutput"><span class="menuItemLabel lowerLevelMenuListItem">visit&nbsp;contact lenses</span></p> </a> </li> </ul> </div> </li> <li class="categoryMenuListItem"> <a id="categoryLink_1590591_1595020_1595069" onfocus="addBackgroundColourOnFocus(this)" onblur="removeBackgroundColourOnFocus(this)" aria-label="link" href="javascript:;" name="Supermenu:Shop by department:opticians:Boots optician sunglasses" title="Boots optician sunglasses" class="menuLink categoryLinkItem anchorDataToggle" role="menuitem" data-toggle="subcategoryLink_1590591_1595020_1595069" tabindex="9"> <p class="categoryLinkOutput"><span class="menuItemLabel lowerLevelMenuListItem">Boots optician sunglasses</span></p> </a> <span data-icon="5" aria-hidden="true" class="globalNavArrow"></span> <div id="subcategoryLink_1590591_1595020_1595069" class="subcategoryMenu" role="menu" data-parent="departmentMenu_1590591_1595020" style="top:0"> <ul id="subcategoryList" class="subcategoryList"> <li class="mobileNavBackButtons" onclick="toggle(document.getElementById(&quot;subcategoryLink_1590591_1595020_1595069&quot;)),setUpMobileBurgerMenu(this,&quot;subcategoryLink_1590591_1595020_1595069&quot;)"> <span data-icon="4" aria-hidden="true" class="mobileBackArrow"></span> <a class="mobileBackLink" tabindex="10"> <span class="menuItemLabel lowerLevelMenuListItem">Boots optician sunglasses</span> </a> </li> <li> <a id="categoryLink_1590591_1595020_1595069" name="Supermenu:Shop by department:opticians:View all Boots optician sunglasses" onfocus="addBackgroundColourOnFocus(this)" onclick="analyticsJS.headObjectEventGtm(&quot;Shop by department : opticians : visit Boots optician sunglasses&quot;)" onblur="removeBackgroundColourOnFocus(this)" href="https://www.boots.com/opticians/prescription-sunglasses" tabindex="10" class="viewAllHeader"> <p class="subcategoryLinkOutput"><span class="menuItemLabel lowerLevelMenuListItem">visit&nbsp;boots optician sunglasses</span></p> </a> </li> </ul> </div> </li> <li class="categoryMenuListItem"> <a id="categoryLink_1590591_1595020_1598776" onfocus="addBackgroundColourOnFocus(this)" onblur="removeBackgroundColourOnFocus(this)" aria-label="link" href="https://www.boots.com/opticians/hearingcare" name="Supermenu:Shop by department:opticians:hearingcare" title="hearingcare" class="menuLink categoryLinkItem anchorDataToggle" role="menuitem" data-toggle="subcategoryMenu" onclick="analyticsJS.headObjectEventGtm(&quot;Shop by department:opticians:hearingcare&quot;)" tabindex="9"> <p class="categoryLinkOutput"><span class="menuItemLabel lowerLevelMenuListItem">hearingcare</span></p> </a> <span data-icon="5" aria-hidden="true" class="globalNavArrow hide"></span> <div id="subcategoryLink_1590591_1595020_1598776" class="subcategoryMenu" data-parent="departmentMenu_1590591_1595020" style="top:0"> </div> </li> <li class="categoryMenuListItem"> <a id="categoryLink_1590591_1595020_2186684" onfocus="addBackgroundColourOnFocus(this)" onblur="removeBackgroundColourOnFocus(this)" aria-label="link" href="https://www.boots.com/opticians/all-opticians-brands" name="Supermenu:Shop by department:opticians:brands A-Z" title="brands A-Z" class="menuLink categoryLinkItem anchorDataToggle" role="menuitem" data-toggle="subcategoryMenu" onclick="analyticsJS.headObjectEventGtm(&quot;Shop by department:opticians:brands A-Z&quot;)" tabindex="9"> <p class="categoryLinkOutput"><span class="menuItemLabel lowerLevelMenuListItem">brands A-Z</span></p> </a> <span data-icon="5" aria-hidden="true" class="globalNavArrow hide"></span> <div id="subcategoryLink_1590591_1595020_2186684" class="subcategoryMenu" data-parent="departmentMenu_1590591_1595020" style="top:0"> </div> </li> </ul> </div> </li> <li class="departmentMenuListItem"> <a id="departmentLink_1595021" onfocus="addBackgroundColourOnFocus(this)" onblur="removeBackgroundColourOnFocus(this)" name="Supermenu:Shop by department:photo" title="photo" href="javascript:;" class="14 link menuLink departmentLinkItem anchorDataToggle" data-toggle="departmentMenu_1590591_1595021" role="menuitem" tabindex="8" aria-label="link, collapsed content"> <p class="departmentLinkOutput"><span class="menuItemLabel lowerLevelMenuListItem">photo</span></p> </a> <span data-icon="5" aria-hidden="true" class="globalNavArrow" id="departmenrGlobalNavArrow"></span> <div id="departmentMenu_1590591_1595021" class="departmentMenu departmentList" role="menu" data-parent="departmentMenu" data-id="1595021" aria-label="photo" style="top:65px" data-espot-show="ESpot_photo"> <ul id="catergoryList" class="categoryList" data-parent="departmentMenu" data-toggle="departmentMenu_1590591_1595021" style="top:-65px"> <li class="mobileNavBackButtons" onclick="toggle(document.getElementById(&quot;departmentMenu_1590591_1595021&quot;)),setUpMobileBurgerMenu(this,&quot;catergoryList&quot;)"> <span data-icon="4" aria-hidden="true" class="mobileBackArrow"></span> <a class="mobileBackLink" tabindex="9"> <span class="menuItemLabel lowerLevelMenuListItem">photo</span> </a> </li> <li class="categoryMenuListItem"> <a id="departmentLink_1595021_view_all" onfocus="addBackgroundColourOnFocus(this)" onblur="removeBackgroundColourOnFocus(this)" onclick="analyticsJS.headObjectEventGtm(&quot;Shop by department : visit photo&quot;)" name="Supermenu:Shop by department:View all photo" href="https://www.boots.com/photo" class="viewAllHeader" role="menuitem" tabindex="9" data-toggle="subcategoryMenu"> <p class="categoryLinkOutput"><span class="menuItemLabel lowerLevelMenuListItem">visit&nbsp;photo</span></p> </a> </li> <li class="categoryMenuListItem"> <a id="categoryLink_1590591_1595021_1595074" onfocus="addBackgroundColourOnFocus(this)" onblur="removeBackgroundColourOnFocus(this)" aria-label="link" href="https://www.boots.com/photo/photo-offers" name="Supermenu:Shop by department:photo:photo offers" title="photo offers" class="menuLink categoryLinkItem anchorDataToggle" role="menuitem" data-toggle="subcategoryMenu" onclick="analyticsJS.headObjectEventGtm(&quot;Shop by department:photo:photo offers&quot;)" tabindex="9"> <p class="categoryLinkOutput"><span class="menuItemLabel lowerLevelMenuListItem">photo offers</span></p> </a> <span data-icon="5" aria-hidden="true" class="globalNavArrow hide"></span> <div id="subcategoryLink_1590591_1595021_1595074" class="subcategoryMenu" data-parent="departmentMenu_1590591_1595021" style="top:0"> </div> </li> <li class="categoryMenuListItem"> <a id="categoryLink_1590591_1595021_1599110" onfocus="addBackgroundColourOnFocus(this)" onblur="removeBackgroundColourOnFocus(this)" aria-label="link" href="javascript:;" name="Supermenu:Shop by department:photo:photo printing" title="photo printing" class="menuLink categoryLinkItem anchorDataToggle" role="menuitem" data-toggle="subcategoryLink_1590591_1595021_1599110" tabindex="9"> <p class="categoryLinkOutput"><span class="menuItemLabel lowerLevelMenuListItem">photo printing</span></p> </a> <span data-icon="5" aria-hidden="true" class="globalNavArrow"></span> <div id="subcategoryLink_1590591_1595021_1599110" class="subcategoryMenu" role="menu" data-parent="departmentMenu_1590591_1595021" style="top:0"> <ul id="subcategoryList" class="subcategoryList"> <li class="mobileNavBackButtons" onclick="toggle(document.getElementById(&quot;subcategoryLink_1590591_1595021_1599110&quot;)),setUpMobileBurgerMenu(this,&quot;subcategoryLink_1590591_1595021_1599110&quot;)"> <span data-icon="4" aria-hidden="true" class="mobileBackArrow"></span> <a class="mobileBackLink" tabindex="10"> <span class="menuItemLabel lowerLevelMenuListItem">photo printing</span> </a> </li> <li> <a id="categoryLink_1590591_1595021_1599110" name="Supermenu:Shop by department:photo:View all photo printing" onfocus="addBackgroundColourOnFocus(this)" onclick="analyticsJS.headObjectEventGtm(&quot;Shop by department : photo : visit photo printing&quot;)" onblur="removeBackgroundColourOnFocus(this)" href="https://www.boots.com/photo/photo-printing" tabindex="10" class="viewAllHeader"> <p class="subcategoryLinkOutput"><span class="menuItemLabel lowerLevelMenuListItem">visit&nbsp;photo printing</span></p> </a> </li> </ul> </div> </li> <li class="categoryMenuListItem"> <a id="categoryLink_1590591_1595021_1619093" onfocus="addBackgroundColourOnFocus(this)" onblur="removeBackgroundColourOnFocus(this)" aria-label="link" href="javascript:;" name="Supermenu:Shop by department:photo:albums &amp; frames" title="albums &amp; frames" class="menuLink categoryLinkItem anchorDataToggle" role="menuitem" data-toggle="subcategoryLink_1590591_1595021_1619093" tabindex="9"> <p class="categoryLinkOutput"><span class="menuItemLabel lowerLevelMenuListItem">albums &amp; frames</span></p> </a> <span data-icon="5" aria-hidden="true" class="globalNavArrow"></span> <div id="subcategoryLink_1590591_1595021_1619093" class="subcategoryMenu" role="menu" data-parent="departmentMenu_1590591_1595021" style="top:0"> <ul id="subcategoryList" class="subcategoryList"> <li class="mobileNavBackButtons" onclick="toggle(document.getElementById(&quot;subcategoryLink_1590591_1595021_1619093&quot;)),setUpMobileBurgerMenu(this,&quot;subcategoryLink_1590591_1595021_1619093&quot;)"> <span data-icon="4" aria-hidden="true" class="mobileBackArrow"></span> <a class="mobileBackLink" tabindex="10"> <span class="menuItemLabel lowerLevelMenuListItem">albums &amp; frames</span> </a> </li> <li> <a id="categoryLink_1590591_1595021_1619093" name="Supermenu:Shop by department:photo:View all albums &amp; frames" onfocus="addBackgroundColourOnFocus(this)" onclick="analyticsJS.headObjectEventGtm(&quot;Shop by department : photo : visit albums &amp; frames&quot;)" onblur="removeBackgroundColourOnFocus(this)" href="https://www.boots.com/photo/photo-albums-frames" tabindex="10" class="viewAllHeader"> <p class="subcategoryLinkOutput"><span class="menuItemLabel lowerLevelMenuListItem">visit&nbsp;albums &amp; frames</span></p> </a> </li> </ul> </div> </li> <li class="categoryMenuListItem"> <a id="categoryLink_1590591_1595021_1595061" onfocus="addBackgroundColourOnFocus(this)" onblur="removeBackgroundColourOnFocus(this)" aria-label="link" href="javascript:;" name="Supermenu:Shop by department:photo:audio &amp; visual tech" title="audio &amp; visual tech" class="menuLink categoryLinkItem anchorDataToggle" role="menuitem" data-toggle="subcategoryLink_1590591_1595021_1595061" tabindex="9"> <p class="categoryLinkOutput"><span class="menuItemLabel lowerLevelMenuListItem">audio &amp; visual tech</span></p> </a> <span data-icon="5" aria-hidden="true" class="globalNavArrow"></span> <div id="subcategoryLink_1590591_1595021_1595061" class="subcategoryMenu" role="menu" data-parent="departmentMenu_1590591_1595021" style="top:0"> <ul id="subcategoryList" class="subcategoryList"> <li class="mobileNavBackButtons" onclick="toggle(document.getElementById(&quot;subcategoryLink_1590591_1595021_1595061&quot;)),setUpMobileBurgerMenu(this,&quot;subcategoryLink_1590591_1595021_1595061&quot;)"> <span data-icon="4" aria-hidden="true" class="mobileBackArrow"></span> <a class="mobileBackLink" tabindex="10"> <span class="menuItemLabel lowerLevelMenuListItem">audio &amp; visual tech</span> </a> </li> <li> <a id="categoryLink_1590591_1595021_1595061" name="Supermenu:Shop by department:photo:View all audio &amp; visual tech" onfocus="addBackgroundColourOnFocus(this)" onclick="analyticsJS.headObjectEventGtm(&quot;Shop by department : photo : visit audio &amp; visual tech&quot;)" onblur="removeBackgroundColourOnFocus(this)" href="https://www.boots.com/photo/headphones-cameras-accessories" tabindex="10" class="viewAllHeader"> <p class="subcategoryLinkOutput"><span class="menuItemLabel lowerLevelMenuListItem">visit&nbsp;audio &amp; visual tech</span></p> </a> </li> </ul> </div> </li> <li class="categoryMenuListItem"> <a id="categoryLink_1590591_1595021_1723206" onfocus="addBackgroundColourOnFocus(this)" onblur="removeBackgroundColourOnFocus(this)" aria-label="link" href="https://www.boots.com/photo/novelty-photo-gifts" name="Supermenu:Shop by department:photo:novelty photo gifts" title="novelty photo gifts" class="menuLink categoryLinkItem anchorDataToggle" role="menuitem" data-toggle="subcategoryMenu" onclick="analyticsJS.headObjectEventGtm(&quot;Shop by department:photo:novelty photo gifts&quot;)" tabindex="9"> <p class="categoryLinkOutput"><span class="menuItemLabel lowerLevelMenuListItem">novelty photo gifts</span></p> </a> <span data-icon="5" aria-hidden="true" class="globalNavArrow hide"></span> <div id="subcategoryLink_1590591_1595021_1723206" class="subcategoryMenu" data-parent="departmentMenu_1590591_1595021" style="top:0"> </div> </li> </ul> </div> </li> <li class="departmentMenuListItem"> <a id="departmentLink_1595023" onfocus="addBackgroundColourOnFocus(this)" onblur="removeBackgroundColourOnFocus(this)" name="Supermenu:Shop by department:gift" title="gift" href="javascript:;" class="15 link menuLink departmentLinkItem anchorDataToggle" data-toggle="departmentMenu_1590591_1595023" role="menuitem" tabindex="8" aria-label="link, collapsed content"> <p class="departmentLinkOutput"><span class="menuItemLabel lowerLevelMenuListItem">gift</span></p> </a> <span data-icon="5" aria-hidden="true" class="globalNavArrow" id="departmenrGlobalNavArrow"></span> <div id="departmentMenu_1590591_1595023" class="departmentMenu departmentList" role="menu" data-parent="departmentMenu" data-id="1595023" aria-label="gift" style="top:65px" data-espot-show="ESpot_gift"> <ul id="catergoryList" class="categoryList" data-parent="departmentMenu" data-toggle="departmentMenu_1590591_1595023" style="top:-65px"> <li class="mobileNavBackButtons" onclick="toggle(document.getElementById(&quot;departmentMenu_1590591_1595023&quot;)),setUpMobileBurgerMenu(this,&quot;catergoryList&quot;)"> <span data-icon="4" aria-hidden="true" class="mobileBackArrow"></span> <a class="mobileBackLink" tabindex="9"> <span class="menuItemLabel lowerLevelMenuListItem">gift</span> </a> </li> <li class="categoryMenuListItem"> <a id="departmentLink_1595023_view_all" onfocus="addBackgroundColourOnFocus(this)" onblur="removeBackgroundColourOnFocus(this)" onclick="analyticsJS.headObjectEventGtm(&quot;Shop by department : visit gift&quot;)" name="Supermenu:Shop by department:View all gift" href="https://www.boots.com/gift" class="viewAllHeader" role="menuitem" tabindex="9" data-toggle="subcategoryMenu"> <p class="categoryLinkOutput"><span class="menuItemLabel lowerLevelMenuListItem">visit&nbsp;gift</span></p> </a> </li> <li class="categoryMenuListItem"> <a id="categoryLink_1590591_1595023_1632611" onfocus="addBackgroundColourOnFocus(this)" onblur="removeBackgroundColourOnFocus(this)" aria-label="link" href="https://www.boots.com/gift/advent-calendars" name="Supermenu:Shop by department:gift:advent calendars" title="advent calendars" class="menuLink categoryLinkItem anchorDataToggle" role="menuitem" data-toggle="subcategoryMenu" onclick="analyticsJS.headObjectEventGtm(&quot;Shop by department:gift:advent calendars&quot;)" tabindex="9"> <p class="categoryLinkOutput"><span class="menuItemLabel lowerLevelMenuListItem">advent calendars</span></p> </a> <span data-icon="5" aria-hidden="true" class="globalNavArrow hide"></span> <div id="subcategoryLink_1590591_1595023_1632611" class="subcategoryMenu" data-parent="departmentMenu_1590591_1595023" style="top:0"> </div> </li> <li class="categoryMenuListItem"> <a id="categoryLink_1590591_1595023_2814199" onfocus="addBackgroundColourOnFocus(this)" onblur="removeBackgroundColourOnFocus(this)" aria-label="link" href="https://www.boots.com/gift/gifts-shop-all" name="Supermenu:Shop by department:gift:all gifts" title="all gifts" class="menuLink categoryLinkItem anchorDataToggle" role="menuitem" data-toggle="subcategoryMenu" onclick="analyticsJS.headObjectEventGtm(&quot;Shop by department:gift:all gifts&quot;)" tabindex="9"> <p class="categoryLinkOutput"><span class="menuItemLabel lowerLevelMenuListItem">all gifts</span></p> </a> <span data-icon="5" aria-hidden="true" class="globalNavArrow hide"></span> <div id="subcategoryLink_1590591_1595023_2814199" class="subcategoryMenu" data-parent="departmentMenu_1590591_1595023" style="top:0"> </div> </li> <li class="categoryMenuListItem"> <a id="categoryLink_1590591_1595023_1595184" onfocus="addBackgroundColourOnFocus(this)" onblur="removeBackgroundColourOnFocus(this)" aria-label="link" href="javascript:;" name="Supermenu:Shop by department:gift:gifts for her" title="gifts for her" class="menuLink categoryLinkItem anchorDataToggle" role="menuitem" data-toggle="subcategoryLink_1590591_1595023_1595184" tabindex="9"> <p class="categoryLinkOutput"><span class="menuItemLabel lowerLevelMenuListItem">gifts for her</span></p> </a> <span data-icon="5" aria-hidden="true" class="globalNavArrow"></span> <div id="subcategoryLink_1590591_1595023_1595184" class="subcategoryMenu" role="menu" data-parent="departmentMenu_1590591_1595023" style="top:0"> <ul id="subcategoryList" class="subcategoryList"> <li class="mobileNavBackButtons" onclick="toggle(document.getElementById(&quot;subcategoryLink_1590591_1595023_1595184&quot;)),setUpMobileBurgerMenu(this,&quot;subcategoryLink_1590591_1595023_1595184&quot;)"> <span data-icon="4" aria-hidden="true" class="mobileBackArrow"></span> <a class="mobileBackLink" tabindex="10"> <span class="menuItemLabel lowerLevelMenuListItem">gifts for her</span> </a> </li> <li> <a id="categoryLink_1590591_1595023_1595184" name="Supermenu:Shop by department:gift:View all gifts for her" onfocus="addBackgroundColourOnFocus(this)" onclick="analyticsJS.headObjectEventGtm(&quot;Shop by department : gift : visit gifts for her&quot;)" onblur="removeBackgroundColourOnFocus(this)" href="https://www.boots.com/gift/her" tabindex="10" class="viewAllHeader"> <p class="subcategoryLinkOutput"><span class="menuItemLabel lowerLevelMenuListItem">visit&nbsp;gifts for her</span></p> </a> </li> </ul> </div> </li> <li class="categoryMenuListItem"> <a id="categoryLink_1590591_1595023_1595183" onfocus="addBackgroundColourOnFocus(this)" onblur="removeBackgroundColourOnFocus(this)" aria-label="link" href="javascript:;" name="Supermenu:Shop by department:gift:gifts for him" title="gifts for him" class="menuLink categoryLinkItem anchorDataToggle" role="menuitem" data-toggle="subcategoryLink_1590591_1595023_1595183" tabindex="9"> <p class="categoryLinkOutput"><span class="menuItemLabel lowerLevelMenuListItem">gifts for him</span></p> </a> <span data-icon="5" aria-hidden="true" class="globalNavArrow"></span> <div id="subcategoryLink_1590591_1595023_1595183" class="subcategoryMenu" role="menu" data-parent="departmentMenu_1590591_1595023" style="top:0"> <ul id="subcategoryList" class="subcategoryList"> <li class="mobileNavBackButtons" onclick="toggle(document.getElementById(&quot;subcategoryLink_1590591_1595023_1595183&quot;)),setUpMobileBurgerMenu(this,&quot;subcategoryLink_1590591_1595023_1595183&quot;)"> <span data-icon="4" aria-hidden="true" class="mobileBackArrow"></span> <a class="mobileBackLink" tabindex="10"> <span class="menuItemLabel lowerLevelMenuListItem">gifts for him</span> </a> </li> <li> <a id="categoryLink_1590591_1595023_1595183" name="Supermenu:Shop by department:gift:View all gifts for him" onfocus="addBackgroundColourOnFocus(this)" onclick="analyticsJS.headObjectEventGtm(&quot;Shop by department : gift : visit gifts for him&quot;)" onblur="removeBackgroundColourOnFocus(this)" href="https://www.boots.com/gift/him" tabindex="10" class="viewAllHeader"> <p class="subcategoryLinkOutput"><span class="menuItemLabel lowerLevelMenuListItem">visit&nbsp;gifts for him</span></p> </a> </li> </ul> </div> </li> <li class="categoryMenuListItem"> <a id="categoryLink_1590591_1595023_2696692" onfocus="addBackgroundColourOnFocus(this)" onblur="removeBackgroundColourOnFocus(this)" aria-label="link" href="https://www.boots.com/gift/gift-finder" name="Supermenu:Shop by department:gift:gift finder" title="gift finder" class="menuLink categoryLinkItem anchorDataToggle" role="menuitem" data-toggle="subcategoryMenu" onclick="analyticsJS.headObjectEventGtm(&quot;Shop by department:gift:gift finder&quot;)" tabindex="9"> <p class="categoryLinkOutput"><span class="menuItemLabel lowerLevelMenuListItem">gift finder</span></p> </a> <span data-icon="5" aria-hidden="true" class="globalNavArrow hide"></span> <div id="subcategoryLink_1590591_1595023_2696692" class="subcategoryMenu" data-parent="departmentMenu_1590591_1595023" style="top:0"> </div> </li> <li class="categoryMenuListItem"> <a id="categoryLink_1590591_1595023_2597222" onfocus="addBackgroundColourOnFocus(this)" onblur="removeBackgroundColourOnFocus(this)" aria-label="link" href="https://www.boots.com/gift/eid-gifting" name="Supermenu:Shop by department:gift:eid gifts" title="eid gifts" class="menuLink categoryLinkItem anchorDataToggle" role="menuitem" data-toggle="subcategoryMenu" onclick="analyticsJS.headObjectEventGtm(&quot;Shop by department:gift:eid gifts&quot;)" tabindex="9"> <p class="categoryLinkOutput"><span class="menuItemLabel lowerLevelMenuListItem">eid gifts</span></p> </a> <span data-icon="5" aria-hidden="true" class="globalNavArrow hide"></span> <div id="subcategoryLink_1590591_1595023_2597222" class="subcategoryMenu" data-parent="departmentMenu_1590591_1595023" style="top:0"> </div> </li> <li class="categoryMenuListItem"> <a id="categoryLink_1590591_1595023_1604110" onfocus="addBackgroundColourOnFocus(this)" onblur="removeBackgroundColourOnFocus(this)" aria-label="link" href="javascript:;" name="Supermenu:Shop by department:gift:home fragrance" title="home fragrance" class="menuLink categoryLinkItem anchorDataToggle" role="menuitem" data-toggle="subcategoryLink_1590591_1595023_1604110" tabindex="9"> <p class="categoryLinkOutput"><span class="menuItemLabel lowerLevelMenuListItem">home fragrance</span></p> </a> <span data-icon="5" aria-hidden="true" class="globalNavArrow"></span> <div id="subcategoryLink_1590591_1595023_1604110" class="subcategoryMenu" role="menu" data-parent="departmentMenu_1590591_1595023" style="top:0"> <ul id="subcategoryList" class="subcategoryList"> <li class="mobileNavBackButtons" onclick="toggle(document.getElementById(&quot;subcategoryLink_1590591_1595023_1604110&quot;)),setUpMobileBurgerMenu(this,&quot;subcategoryLink_1590591_1595023_1604110&quot;)"> <span data-icon="4" aria-hidden="true" class="mobileBackArrow"></span> <a class="mobileBackLink" tabindex="10"> <span class="menuItemLabel lowerLevelMenuListItem">home fragrance</span> </a> </li> <li> <a id="categoryLink_1590591_1595023_1604110" name="Supermenu:Shop by department:gift:View all home fragrance" onfocus="addBackgroundColourOnFocus(this)" onclick="analyticsJS.headObjectEventGtm(&quot;Shop by department : gift : visit home fragrance&quot;)" onblur="removeBackgroundColourOnFocus(this)" href="https://www.boots.com/gift/candles-home-fragrance-for-her" tabindex="10" class="viewAllHeader"> <p class="subcategoryLinkOutput"><span class="menuItemLabel lowerLevelMenuListItem">visit&nbsp;home fragrance</span></p> </a> </li> </ul> </div> </li> <li class="categoryMenuListItem"> <a id="categoryLink_1590591_1595023_1633602" onfocus="addBackgroundColourOnFocus(this)" onblur="removeBackgroundColourOnFocus(this)" aria-label="link" href="https://www.boots.com/gift/gifts-for-grandma" name="Supermenu:Shop by department:gift:gifts for grandmothers" title="gifts for grandmothers" class="menuLink categoryLinkItem anchorDataToggle" role="menuitem" data-toggle="subcategoryMenu" onclick="analyticsJS.headObjectEventGtm(&quot;Shop by department:gift:gifts for grandmothers&quot;)" tabindex="9"> <p class="categoryLinkOutput"><span class="menuItemLabel lowerLevelMenuListItem">gifts for grandmothers</span></p> </a> <span data-icon="5" aria-hidden="true" class="globalNavArrow hide"></span> <div id="subcategoryLink_1590591_1595023_1633602" class="subcategoryMenu" data-parent="departmentMenu_1590591_1595023" style="top:0"> </div> </li> <li class="categoryMenuListItem"> <a id="categoryLink_1590591_1595023_1595107" onfocus="addBackgroundColourOnFocus(this)" onblur="removeBackgroundColourOnFocus(this)" aria-label="link" href="javascript:;" name="Supermenu:Shop by department:gift:experience days" title="experience days" class="menuLink categoryLinkItem anchorDataToggle" role="menuitem" data-toggle="subcategoryLink_1590591_1595023_1595107" tabindex="9"> <p class="categoryLinkOutput"><span class="menuItemLabel lowerLevelMenuListItem">experience days</span></p> </a> <span data-icon="5" aria-hidden="true" class="globalNavArrow"></span> <div id="subcategoryLink_1590591_1595023_1595107" class="subcategoryMenu" role="menu" data-parent="departmentMenu_1590591_1595023" style="top:0"> <ul id="subcategoryList" class="subcategoryList"> <li class="mobileNavBackButtons" onclick="toggle(document.getElementById(&quot;subcategoryLink_1590591_1595023_1595107&quot;)),setUpMobileBurgerMenu(this,&quot;subcategoryLink_1590591_1595023_1595107&quot;)"> <span data-icon="4" aria-hidden="true" class="mobileBackArrow"></span> <a class="mobileBackLink" tabindex="10"> <span class="menuItemLabel lowerLevelMenuListItem">experience days</span> </a> </li> <li> <a id="categoryLink_1590591_1595023_1595107" name="Supermenu:Shop by department:gift:View all experience days" onfocus="addBackgroundColourOnFocus(this)" onclick="analyticsJS.headObjectEventGtm(&quot;Shop by department : gift : visit experience days&quot;)" onblur="removeBackgroundColourOnFocus(this)" href="https://www.boots.com/gift/experience-days" tabindex="10" class="viewAllHeader"> <p class="subcategoryLinkOutput"><span class="menuItemLabel lowerLevelMenuListItem">visit&nbsp;experience days</span></p> </a> </li> </ul> </div> </li> <li class="categoryMenuListItem"> <a id="categoryLink_1590591_1595023_2603680" onfocus="addBackgroundColourOnFocus(this)" onblur="removeBackgroundColourOnFocus(this)" aria-label="link" href="https://www.boots.com/gift/luxury-gifts" name="Supermenu:Shop by department:gift:luxury gifts" title="luxury gifts" class="menuLink categoryLinkItem anchorDataToggle" role="menuitem" data-toggle="subcategoryMenu" onclick="analyticsJS.headObjectEventGtm(&quot;Shop by department:gift:luxury gifts&quot;)" tabindex="9"> <p class="categoryLinkOutput"><span class="menuItemLabel lowerLevelMenuListItem">luxury gifts</span></p> </a> <span data-icon="5" aria-hidden="true" class="globalNavArrow hide"></span> <div id="subcategoryLink_1590591_1595023_2603680" class="subcategoryMenu" data-parent="departmentMenu_1590591_1595023" style="top:0"> </div> </li> <li class="categoryMenuListItem"> <a id="categoryLink_1590591_1595023_3216682" onfocus="addBackgroundColourOnFocus(this)" onblur="removeBackgroundColourOnFocus(this)" aria-label="link" href="https://www.boots.com/gift/kids-gifting" name="Supermenu:Shop by department:gift:gifts for kids" title="gifts for kids" class="menuLink categoryLinkItem anchorDataToggle" role="menuitem" data-toggle="subcategoryMenu" onclick="analyticsJS.headObjectEventGtm(&quot;Shop by department:gift:gifts for kids&quot;)" tabindex="9"> <p class="categoryLinkOutput"><span class="menuItemLabel lowerLevelMenuListItem">gifts for kids</span></p> </a> <span data-icon="5" aria-hidden="true" class="globalNavArrow hide"></span> <div id="subcategoryLink_1590591_1595023_3216682" class="subcategoryMenu" data-parent="departmentMenu_1590591_1595023" style="top:0"> </div> </li> <li class="categoryMenuListItem"> <a id="categoryLink_1590591_1595023_3285195" onfocus="addBackgroundColourOnFocus(this)" onblur="removeBackgroundColourOnFocus(this)" aria-label="link" href="https://www.boots.com/gift/gifts-under-five-pounds" name="Supermenu:Shop by department:gift:gifts under £5" title="gifts under £5" class="menuLink categoryLinkItem anchorDataToggle" role="menuitem" data-toggle="subcategoryMenu" onclick="analyticsJS.headObjectEventGtm(&quot;Shop by department:gift:gifts under £5&quot;)" tabindex="9"> <p class="categoryLinkOutput"><span class="menuItemLabel lowerLevelMenuListItem">gifts under £5</span></p> </a> <span data-icon="5" aria-hidden="true" class="globalNavArrow hide"></span> <div id="subcategoryLink_1590591_1595023_3285195" class="subcategoryMenu" data-parent="departmentMenu_1590591_1595023" style="top:0"> </div> </li> <li class="categoryMenuListItem"> <a id="categoryLink_1590591_1595023_3285196" onfocus="addBackgroundColourOnFocus(this)" onblur="removeBackgroundColourOnFocus(this)" aria-label="link" href="https://www.boots.com/gift/gifts-under-ten-pounds" name="Supermenu:Shop by department:gift:gifts under £10" title="gifts under £10" class="menuLink categoryLinkItem anchorDataToggle" role="menuitem" data-toggle="subcategoryMenu" onclick="analyticsJS.headObjectEventGtm(&quot;Shop by department:gift:gifts under £10&quot;)" tabindex="9"> <p class="categoryLinkOutput"><span class="menuItemLabel lowerLevelMenuListItem">gifts under £10</span></p> </a> <span data-icon="5" aria-hidden="true" class="globalNavArrow hide"></span> <div id="subcategoryLink_1590591_1595023_3285196" class="subcategoryMenu" data-parent="departmentMenu_1590591_1595023" style="top:0"> </div> </li> <li class="categoryMenuListItem"> <a id="categoryLink_1590591_1595023_3285197" onfocus="addBackgroundColourOnFocus(this)" onblur="removeBackgroundColourOnFocus(this)" aria-label="link" href="https://www.boots.com/gift/gifts-under-twenty-pounds" name="Supermenu:Shop by department:gift:gifts under £20" title="gifts under £20" class="menuLink categoryLinkItem anchorDataToggle" role="menuitem" data-toggle="subcategoryMenu" onclick="analyticsJS.headObjectEventGtm(&quot;Shop by department:gift:gifts under £20&quot;)" tabindex="9"> <p class="categoryLinkOutput"><span class="menuItemLabel lowerLevelMenuListItem">gifts under £20</span></p> </a> <span data-icon="5" aria-hidden="true" class="globalNavArrow hide"></span> <div id="subcategoryLink_1590591_1595023_3285197" class="subcategoryMenu" data-parent="departmentMenu_1590591_1595023" style="top:0"> </div> </li> <li class="categoryMenuListItem"> <a id="categoryLink_1590591_1595023_1610117" onfocus="addBackgroundColourOnFocus(this)" onblur="removeBackgroundColourOnFocus(this)" aria-label="link" href="https://www.boots.com/gift/personalised-photo-gifts" name="Supermenu:Shop by department:gift:personalised photo gifts" title="personalised photo gifts" class="menuLink categoryLinkItem anchorDataToggle" role="menuitem" data-toggle="subcategoryMenu" onclick="analyticsJS.headObjectEventGtm(&quot;Shop by department:gift:personalised photo gifts&quot;)" tabindex="9"> <p class="categoryLinkOutput"><span class="menuItemLabel lowerLevelMenuListItem">personalised photo gifts</span></p> </a> <span data-icon="5" aria-hidden="true" class="globalNavArrow hide"></span> <div id="subcategoryLink_1590591_1595023_1610117" class="subcategoryMenu" data-parent="departmentMenu_1590591_1595023" style="top:0"> </div> </li> <li class="categoryMenuListItem"> <a id="categoryLink_1590591_1595023_1595174" onfocus="addBackgroundColourOnFocus(this)" onblur="removeBackgroundColourOnFocus(this)" aria-label="link" href="https://www.boots.com/gift/birthday-gifts" name="Supermenu:Shop by department:gift:birthday gifts" title="birthday gifts" class="menuLink categoryLinkItem anchorDataToggle" role="menuitem" data-toggle="subcategoryMenu" onclick="analyticsJS.headObjectEventGtm(&quot;Shop by department:gift:birthday gifts&quot;)" tabindex="9"> <p class="categoryLinkOutput"><span class="menuItemLabel lowerLevelMenuListItem">birthday gifts</span></p> </a> <span data-icon="5" aria-hidden="true" class="globalNavArrow hide"></span> <div id="subcategoryLink_1590591_1595023_1595174" class="subcategoryMenu" data-parent="departmentMenu_1590591_1595023" style="top:0"> </div> </li> <li class="categoryMenuListItem"> <a id="categoryLink_1590591_1595023_1595108" onfocus="addBackgroundColourOnFocus(this)" onblur="removeBackgroundColourOnFocus(this)" aria-label="link" href="https://www.boots.com/gift/gift-cards" name="Supermenu:Shop by department:gift:gift cards" title="gift cards" class="menuLink categoryLinkItem anchorDataToggle" role="menuitem" data-toggle="subcategoryMenu" onclick="analyticsJS.headObjectEventGtm(&quot;Shop by department:gift:gift cards&quot;)" tabindex="9"> <p class="categoryLinkOutput"><span class="menuItemLabel lowerLevelMenuListItem">gift cards</span></p> </a> <span data-icon="5" aria-hidden="true" class="globalNavArrow hide"></span> <div id="subcategoryLink_1590591_1595023_1595108" class="subcategoryMenu" data-parent="departmentMenu_1590591_1595023" style="top:0"> </div> </li> <li class="categoryMenuListItem"> <a id="categoryLink_1590591_1595023_2871724" onfocus="addBackgroundColourOnFocus(this)" onblur="removeBackgroundColourOnFocus(this)" aria-label="link" href="javascript:;" name="Supermenu:Shop by department:gift:gift type" title="gift type" class="menuLink categoryLinkItem anchorDataToggle" role="menuitem" data-toggle="subcategoryLink_1590591_1595023_2871724" tabindex="9"> <p class="categoryLinkOutput"><span class="menuItemLabel lowerLevelMenuListItem">gift type</span></p> </a> <span data-icon="5" aria-hidden="true" class="globalNavArrow"></span> <div id="subcategoryLink_1590591_1595023_2871724" class="subcategoryMenu" role="menu" data-parent="departmentMenu_1590591_1595023" style="top:0"> <ul id="subcategoryList" class="subcategoryList"> <li class="mobileNavBackButtons" onclick="toggle(document.getElementById(&quot;subcategoryLink_1590591_1595023_2871724&quot;)),setUpMobileBurgerMenu(this,&quot;subcategoryLink_1590591_1595023_2871724&quot;)"> <span data-icon="4" aria-hidden="true" class="mobileBackArrow"></span> <a class="mobileBackLink" tabindex="10"> <span class="menuItemLabel lowerLevelMenuListItem">gift type</span> </a> </li> <li> <a id="categoryLink_1590591_1595023_2871724" name="Supermenu:Shop by department:gift:View all gift type" onfocus="addBackgroundColourOnFocus(this)" onclick="analyticsJS.headObjectEventGtm(&quot;Shop by department : gift : visit gift type&quot;)" onblur="removeBackgroundColourOnFocus(this)" href="https://www.boots.com/gift/gift-types" tabindex="10" class="viewAllHeader"> <p class="subcategoryLinkOutput"><span class="menuItemLabel lowerLevelMenuListItem">visit&nbsp;gift type</span></p> </a> </li> </ul> </div> </li> <li class="categoryMenuListItem"> <a id="categoryLink_1590591_1595023_2875203" onfocus="addBackgroundColourOnFocus(this)" onblur="removeBackgroundColourOnFocus(this)" aria-label="link" href="javascript:;" name="Supermenu:Shop by department:gift:gift by recipient" title="gift by recipient" class="menuLink categoryLinkItem anchorDataToggle" role="menuitem" data-toggle="subcategoryLink_1590591_1595023_2875203" tabindex="9"> <p class="categoryLinkOutput"><span class="menuItemLabel lowerLevelMenuListItem">gift by recipient</span></p> </a> <span data-icon="5" aria-hidden="true" class="globalNavArrow"></span> <div id="subcategoryLink_1590591_1595023_2875203" class="subcategoryMenu" role="menu" data-parent="departmentMenu_1590591_1595023" style="top:0"> <ul id="subcategoryList" class="subcategoryList"> <li class="mobileNavBackButtons" onclick="toggle(document.getElementById(&quot;subcategoryLink_1590591_1595023_2875203&quot;)),setUpMobileBurgerMenu(this,&quot;subcategoryLink_1590591_1595023_2875203&quot;)"> <span data-icon="4" aria-hidden="true" class="mobileBackArrow"></span> <a class="mobileBackLink" tabindex="10"> <span class="menuItemLabel lowerLevelMenuListItem">gift by recipient</span> </a> </li> <li> <a id="categoryLink_1590591_1595023_2875203" name="Supermenu:Shop by department:gift:View all gift by recipient" onfocus="addBackgroundColourOnFocus(this)" onclick="analyticsJS.headObjectEventGtm(&quot;Shop by department : gift : visit gift by recipient&quot;)" onblur="removeBackgroundColourOnFocus(this)" href="https://www.boots.com/gift/gift-by-recipient" tabindex="10" class="viewAllHeader"> <p class="subcategoryLinkOutput"><span class="menuItemLabel lowerLevelMenuListItem">visit&nbsp;gift by recipient</span></p> </a> </li> </ul> </div> </li> <li class="categoryMenuListItem"> <a id="categoryLink_1590591_1595023_2871725" onfocus="addBackgroundColourOnFocus(this)" onblur="removeBackgroundColourOnFocus(this)" aria-label="link" href="javascript:;" name="Supermenu:Shop by department:gift:gift by occasion" title="gift by occasion" class="menuLink categoryLinkItem anchorDataToggle" role="menuitem" data-toggle="subcategoryLink_1590591_1595023_2871725" tabindex="9"> <p class="categoryLinkOutput"><span class="menuItemLabel lowerLevelMenuListItem">gift by occasion</span></p> </a> <span data-icon="5" aria-hidden="true" class="globalNavArrow"></span> <div id="subcategoryLink_1590591_1595023_2871725" class="subcategoryMenu" role="menu" data-parent="departmentMenu_1590591_1595023" style="top:0"> <ul id="subcategoryList" class="subcategoryList"> <li class="mobileNavBackButtons" onclick="toggle(document.getElementById(&quot;subcategoryLink_1590591_1595023_2871725&quot;)),setUpMobileBurgerMenu(this,&quot;subcategoryLink_1590591_1595023_2871725&quot;)"> <span data-icon="4" aria-hidden="true" class="mobileBackArrow"></span> <a class="mobileBackLink" tabindex="10"> <span class="menuItemLabel lowerLevelMenuListItem">gift by occasion</span> </a> </li> <li> <a id="categoryLink_1590591_1595023_2871725" name="Supermenu:Shop by department:gift:View all gift by occasion" onfocus="addBackgroundColourOnFocus(this)" onclick="analyticsJS.headObjectEventGtm(&quot;Shop by department : gift : visit gift by occasion&quot;)" onblur="removeBackgroundColourOnFocus(this)" href="https://www.boots.com/gift/gift-by-occasion" tabindex="10" class="viewAllHeader"> <p class="subcategoryLinkOutput"><span class="menuItemLabel lowerLevelMenuListItem">visit&nbsp;gift by occasion</span></p> </a> </li> </ul> </div> </li> <li class="categoryMenuListItem"> <a id="categoryLink_1590591_1595023_2009183" onfocus="addBackgroundColourOnFocus(this)" onblur="removeBackgroundColourOnFocus(this)" aria-label="link" href="https://www.boots.com/gift/vegan-gifts" name="Supermenu:Shop by department:gift:vegan gifts" title="vegan gifts" class="menuLink categoryLinkItem anchorDataToggle" role="menuitem" data-toggle="subcategoryMenu" onclick="analyticsJS.headObjectEventGtm(&quot;Shop by department:gift:vegan gifts&quot;)" tabindex="9"> <p class="categoryLinkOutput"><span class="menuItemLabel lowerLevelMenuListItem">vegan gifts</span></p> </a> <span data-icon="5" aria-hidden="true" class="globalNavArrow hide"></span> <div id="subcategoryLink_1590591_1595023_2009183" class="subcategoryMenu" data-parent="departmentMenu_1590591_1595023" style="top:0"> </div> </li> </ul> </div> </li> <li class="departmentMenuListItem"> <a id="departmentLink_1603259" onfocus="addBackgroundColourOnFocus(this)" onblur="removeBackgroundColourOnFocus(this)" name="Supermenu:Shop by department:brand A-Z" title="brand A-Z" href="https://www.boots.com/brands" class="16 link menuLink departmentLinkItem anchorDataToggle" data-toggle="departmentList" onclick="analyticsJS.headObjectEventGtm(&quot;Shop by department:brand A-Z&quot;)" role="menuitem" tabindex="8" aria-label="link"> <p class="departmentLinkOutput"><span class="menuItemLabel lowerLevelMenuListItem">brand A-Z</span></p> </a> <span data-icon="5" aria-hidden="true" class="globalNavArrow hide" id="departmenrGlobalNavArrow"></span> <div id="departmentMenu_1590591_1603259" class="departmentMenu departmentList" data-parent="departmentMenu" data-id="1603259" aria-label="brand A-Z" style="top:65px" data-espot-show="ESpot_brands"> </div> </li> </ul> </div> </li>  <li class="topLevelMenuListItem"> <a id="topLevelLink_1597112" name="Supermenu:Prescriptions" title="Prescriptions" aria-label="Prescriptions link, collapsed content" href="#" class="1 departmentButton anchorDataToggle" role="menuitem" aria-haspopup="true" data-toggle="topLevelMenu_1597112" tabindex="11"> <span class="menuItemLabel">Prescriptions </span> </a> <span data-icon="5" aria-hidden="true" class="globalNavArrow topLevelMenuMobileArrow"></span> <div id="topLevelMenu_1597112" class="departmentMenu topLevelMenu"> <ul id="departmentMenu" role="menu" data-parent="topLevelMenu"> <li class="mobileNavBackButtons" onclick="toggle(document.getElementById(&quot;departmentMenu&quot;)),setUpMobileBurgerMenu(this,&quot;departmentMenu&quot;),deactivate(document.getElementById(&quot;topLevelMenu_1597112&quot;))"> <span data-icon="4" aria-hidden="true" class="mobileBackArrow"></span> <a id="departmentLink_backButtons" class="mobileBackLink" tabindex="12"> <span class="menuItemLabel lowerLevelMenuListItem">Prescriptions</span> </a> </li> <li class="departmentMenuListItem"> <a id="departmentLink_1610109" onfocus="addBackgroundColourOnFocus(this)" onblur="removeBackgroundColourOnFocus(this)" name="Supermenu:Prescriptions:NHS repeat prescriptions made easy" title="NHS repeat prescriptions made easy" href="https://www.boots.com/online-prescriptions" class="0 link menuLink departmentLinkItem anchorDataToggle" data-toggle="departmentList" onclick="analyticsJS.headObjectEventGtm(&quot;Prescriptions:NHS repeat prescriptions made easy&quot;)" role="menuitem" tabindex="12" aria-label="link"> <p class="departmentLinkOutput"><span class="menuItemLabel lowerLevelMenuListItem">NHS repeat prescriptions made easy</span></p> </a> <span data-icon="5" aria-hidden="true" class="globalNavArrow hide" id="departmenrGlobalNavArrow"></span> <div id="departmentMenu_1597112_1610109" class="departmentMenu departmentList" data-parent="departmentMenu" data-id="1610109" aria-label="NHS repeat prescriptions made easy" style="top:65px" data-espot-show="ESpot_online-prescriptions"> </div> </li> <li class="departmentMenuListItem"> <a id="departmentLink_1598765" onfocus="addBackgroundColourOnFocus(this)" onblur="removeBackgroundColourOnFocus(this)" name="Supermenu:Prescriptions:prescription support" title="prescription support" href="javascript:;" class="1 link menuLink departmentLinkItem anchorDataToggle" data-toggle="departmentMenu_1597112_1598765" role="menuitem" tabindex="12" aria-label="link, collapsed content"> <p class="departmentLinkOutput"><span class="menuItemLabel lowerLevelMenuListItem">prescription support</span></p> </a> <span data-icon="5" aria-hidden="true" class="globalNavArrow" id="departmenrGlobalNavArrow"></span> <div id="departmentMenu_1597112_1598765" class="departmentMenu departmentList" role="menu" data-parent="departmentMenu" data-id="1598765" aria-label="prescription support" style="top:65px" data-espot-show="ESpot_prescription-support"> <ul id="catergoryList" class="categoryList" data-parent="departmentMenu" data-toggle="departmentMenu_1597112_1598765" style="top:-65px"> <li class="mobileNavBackButtons" onclick="toggle(document.getElementById(&quot;departmentMenu_1597112_1598765&quot;)),setUpMobileBurgerMenu(this,&quot;catergoryList&quot;)"> <span data-icon="4" aria-hidden="true" class="mobileBackArrow"></span> <a class="mobileBackLink" tabindex="13"> <span class="menuItemLabel lowerLevelMenuListItem">prescription support</span> </a> </li> <li class="categoryMenuListItem"> <a id="departmentLink_1598765_view_all" onfocus="addBackgroundColourOnFocus(this)" onblur="removeBackgroundColourOnFocus(this)" onclick="analyticsJS.headObjectEventGtm(&quot;Prescriptions : visit prescription support&quot;)" name="Supermenu:Prescriptions:View all prescription support" href="https://www.boots.com/prescription-support" class="viewAllHeader" role="menuitem" tabindex="13" data-toggle="subcategoryMenu"> <p class="categoryLinkOutput"><span class="menuItemLabel lowerLevelMenuListItem">visit&nbsp;prescription support</span></p> </a> </li> <li class="categoryMenuListItem"> <a id="categoryLink_1597112_1598765_2305180" onfocus="addBackgroundColourOnFocus(this)" onblur="removeBackgroundColourOnFocus(this)" aria-label="link" href="https://www.boots.com/prescription-support/nominated-pharmacy" name="Supermenu:Prescriptions:prescription support:nominate a pharmacy" title="nominate a pharmacy" class="menuLink categoryLinkItem anchorDataToggle" role="menuitem" data-toggle="subcategoryMenu" onclick="analyticsJS.headObjectEventGtm(&quot;Prescriptions:prescription support:nominate a pharmacy&quot;)" tabindex="13"> <p class="categoryLinkOutput"><span class="menuItemLabel lowerLevelMenuListItem">nominate a pharmacy</span></p> </a> <span data-icon="5" aria-hidden="true" class="globalNavArrow hide"></span> <div id="subcategoryLink_1597112_1598765_2305180" class="subcategoryMenu" data-parent="departmentMenu_1597112_1598765" style="top:0"> </div> </li> <li class="categoryMenuListItem"> <a id="categoryLink_1597112_1598765_2264179" onfocus="addBackgroundColourOnFocus(this)" onblur="removeBackgroundColourOnFocus(this)" aria-label="link" href="https://www.boots.com/prescription-support/prescription-delivery-service" name="Supermenu:Prescriptions:prescription support:prescription delivery service" title="prescription delivery service" class="menuLink categoryLinkItem anchorDataToggle" role="menuitem" data-toggle="subcategoryMenu" onclick="analyticsJS.headObjectEventGtm(&quot;Prescriptions:prescription support:prescription delivery service&quot;)" tabindex="13"> <p class="categoryLinkOutput"><span class="menuItemLabel lowerLevelMenuListItem">prescription delivery service</span></p> </a> <span data-icon="5" aria-hidden="true" class="globalNavArrow hide"></span> <div id="subcategoryLink_1597112_1598765_2264179" class="subcategoryMenu" data-parent="departmentMenu_1597112_1598765" style="top:0"> </div> </li> <li class="categoryMenuListItem"> <a id="categoryLink_1597112_1598765_2305183" onfocus="addBackgroundColourOnFocus(this)" onblur="removeBackgroundColourOnFocus(this)" aria-label="link" href="https://www.boots.com/prescription-support/text-message-service" name="Supermenu:Prescriptions:prescription support:text message service" title="text message service" class="menuLink categoryLinkItem anchorDataToggle" role="menuitem" data-toggle="subcategoryMenu" onclick="analyticsJS.headObjectEventGtm(&quot;Prescriptions:prescription support:text message service&quot;)" tabindex="13"> <p class="categoryLinkOutput"><span class="menuItemLabel lowerLevelMenuListItem">text message service</span></p> </a> <span data-icon="5" aria-hidden="true" class="globalNavArrow hide"></span> <div id="subcategoryLink_1597112_1598765_2305183" class="subcategoryMenu" data-parent="departmentMenu_1597112_1598765" style="top:0"> </div> </li> <li class="categoryMenuListItem"> <a id="categoryLink_1597112_1598765_1599099" onfocus="addBackgroundColourOnFocus(this)" onblur="removeBackgroundColourOnFocus(this)" aria-label="link" href="https://www.boots.com/prescription-support/midnightpharmacy" name="Supermenu:Prescriptions:prescription support:late night pharmacy" title="late night pharmacy" class="menuLink categoryLinkItem anchorDataToggle" role="menuitem" data-toggle="subcategoryMenu" onclick="analyticsJS.headObjectEventGtm(&quot;Prescriptions:prescription support:late night pharmacy&quot;)" tabindex="13"> <p class="categoryLinkOutput"><span class="menuItemLabel lowerLevelMenuListItem">late night pharmacy</span></p> </a> <span data-icon="5" aria-hidden="true" class="globalNavArrow hide"></span> <div id="subcategoryLink_1597112_1598765_1599099" class="subcategoryMenu" data-parent="departmentMenu_1597112_1598765" style="top:0"> </div> </li> <li class="categoryMenuListItem"> <a id="categoryLink_1597112_1598765_3075687" onfocus="addBackgroundColourOnFocus(this)" onblur="removeBackgroundColourOnFocus(this)" aria-label="link" href="https://www.boots.com/prescription-support/nhs-prescriptions" name="Supermenu:Prescriptions:prescription support:NHS prescriptions" title="NHS prescriptions" class="menuLink categoryLinkItem anchorDataToggle" role="menuitem" data-toggle="subcategoryMenu" onclick="analyticsJS.headObjectEventGtm(&quot;Prescriptions:prescription support:NHS prescriptions&quot;)" tabindex="13"> <p class="categoryLinkOutput"><span class="menuItemLabel lowerLevelMenuListItem">NHS prescriptions</span></p> </a> <span data-icon="5" aria-hidden="true" class="globalNavArrow hide"></span> <div id="subcategoryLink_1597112_1598765_3075687" class="subcategoryMenu" data-parent="departmentMenu_1597112_1598765" style="top:0"> </div> </li> <li class="categoryMenuListItem"> <a id="categoryLink_1597112_1598765_1599135" onfocus="addBackgroundColourOnFocus(this)" onblur="removeBackgroundColourOnFocus(this)" aria-label="link" href="https://www.boots.com/prescription-support/private-prescriptions" name="Supermenu:Prescriptions:prescription support:private one-off prescriptions" title="private one-off prescriptions" class="menuLink categoryLinkItem anchorDataToggle" role="menuitem" data-toggle="subcategoryMenu" onclick="analyticsJS.headObjectEventGtm(&quot;Prescriptions:prescription support:private one-off prescriptions&quot;)" tabindex="13"> <p class="categoryLinkOutput"><span class="menuItemLabel lowerLevelMenuListItem">private one-off prescriptions</span></p> </a> <span data-icon="5" aria-hidden="true" class="globalNavArrow hide"></span> <div id="subcategoryLink_1597112_1598765_1599135" class="subcategoryMenu" data-parent="departmentMenu_1597112_1598765" style="top:0"> </div> </li> <li class="categoryMenuListItem"> <a id="categoryLink_1597112_1598765_2578682" onfocus="addBackgroundColourOnFocus(this)" onblur="removeBackgroundColourOnFocus(this)" aria-label="link" href="https://www.boots.com/prescription-support/askapharmacist" name="Supermenu:Prescriptions:prescription support:support from your local pharmacy" title="support from your local pharmacy" class="menuLink categoryLinkItem anchorDataToggle" role="menuitem" data-toggle="subcategoryMenu" onclick="analyticsJS.headObjectEventGtm(&quot;Prescriptions:prescription support:support from your local pharmacy&quot;)" tabindex="13"> <p class="categoryLinkOutput"><span class="menuItemLabel lowerLevelMenuListItem">support from your local pharmacy</span></p> </a> <span data-icon="5" aria-hidden="true" class="globalNavArrow hide"></span> <div id="subcategoryLink_1597112_1598765_2578682" class="subcategoryMenu" data-parent="departmentMenu_1597112_1598765" style="top:0"> </div> </li> <li class="categoryMenuListItem"> <a id="categoryLink_1597112_1598765_3075688" onfocus="addBackgroundColourOnFocus(this)" onblur="removeBackgroundColourOnFocus(this)" aria-label="link" href="https://www.boots.com/prescription-support/medication-support" name="Supermenu:Prescriptions:prescription support:support with your medication" title="support with your medication" class="menuLink categoryLinkItem anchorDataToggle" role="menuitem" data-toggle="subcategoryMenu" onclick="analyticsJS.headObjectEventGtm(&quot;Prescriptions:prescription support:support with your medication&quot;)" tabindex="13"> <p class="categoryLinkOutput"><span class="menuItemLabel lowerLevelMenuListItem">support with your medication</span></p> </a> <span data-icon="5" aria-hidden="true" class="globalNavArrow hide"></span> <div id="subcategoryLink_1597112_1598765_3075688" class="subcategoryMenu" data-parent="departmentMenu_1597112_1598765" style="top:0"> </div> </li> <li class="categoryMenuListItem"> <a id="categoryLink_1597112_1598765_1623094" onfocus="addBackgroundColourOnFocus(this)" onblur="removeBackgroundColourOnFocus(this)" aria-label="link" href="https://www.boots.com/prescription-support/frps-faqs" name="Supermenu:Prescriptions:prescription support:Boots online prescriptions FAQs" title="Boots online prescriptions FAQs" class="menuLink categoryLinkItem anchorDataToggle" role="menuitem" data-toggle="subcategoryMenu" onclick="analyticsJS.headObjectEventGtm(&quot;Prescriptions:prescription support:Boots online prescriptions FAQs&quot;)" tabindex="13"> <p class="categoryLinkOutput"><span class="menuItemLabel lowerLevelMenuListItem">Boots online prescriptions FAQs</span></p> </a> <span data-icon="5" aria-hidden="true" class="globalNavArrow hide"></span> <div id="subcategoryLink_1597112_1598765_1623094" class="subcategoryMenu" data-parent="departmentMenu_1597112_1598765" style="top:0"> </div> </li> <li class="categoryMenuListItem"> <a id="categoryLink_1597112_1598765_3075689" onfocus="addBackgroundColourOnFocus(this)" onblur="removeBackgroundColourOnFocus(this)" aria-label="link" href="https://www.boots.com/prescription-support/pharmacy-faqs" name="Supermenu:Prescriptions:prescription support:prescription FAQs" title="prescription FAQs" class="menuLink categoryLinkItem anchorDataToggle" role="menuitem" data-toggle="subcategoryMenu" onclick="analyticsJS.headObjectEventGtm(&quot;Prescriptions:prescription support:prescription FAQs&quot;)" tabindex="13"> <p class="categoryLinkOutput"><span class="menuItemLabel lowerLevelMenuListItem">prescription FAQs</span></p> </a> <span data-icon="5" aria-hidden="true" class="globalNavArrow hide"></span> <div id="subcategoryLink_1597112_1598765_3075689" class="subcategoryMenu" data-parent="departmentMenu_1597112_1598765" style="top:0"> </div> </li> </ul> </div> </li> <li class="departmentMenuListItem"> <a id="departmentLink_2687181" onfocus="addBackgroundColourOnFocus(this)" onblur="removeBackgroundColourOnFocus(this)" name="Supermenu:Prescriptions:check medicine availability" title="check medicine availability" href="https://www.boots.com/prescription-stock-checker-" class="2 link menuLink departmentLinkItem anchorDataToggle" data-toggle="departmentList" onclick="analyticsJS.headObjectEventGtm(&quot;Prescriptions:check medicine availability&quot;)" role="menuitem" tabindex="12" aria-label="link"> <p class="departmentLinkOutput"><span class="menuItemLabel lowerLevelMenuListItem">check medicine availability</span></p> </a> <span data-icon="5" aria-hidden="true" class="globalNavArrow hide" id="departmenrGlobalNavArrow"></span> <div id="departmentMenu_1597112_2687181" class="departmentMenu departmentList" data-parent="departmentMenu" data-id="2687181" aria-label="check medicine availability" style="top:65px" data-espot-show="ESpot_prescription-stock-checker-"> </div> </li> <li class="departmentMenuListItem"> <a id="departmentLink_2335182" onfocus="addBackgroundColourOnFocus(this)" onblur="removeBackgroundColourOnFocus(this)" name="Supermenu:Prescriptions:NHS services" title="NHS services" href="javascript:;" class="3 link menuLink departmentLinkItem anchorDataToggle" data-toggle="departmentMenu_1597112_2335182" role="menuitem" tabindex="12" aria-label="link, collapsed content"> <p class="departmentLinkOutput"><span class="menuItemLabel lowerLevelMenuListItem">NHS services</span></p> </a> <span data-icon="5" aria-hidden="true" class="globalNavArrow" id="departmenrGlobalNavArrow"></span> <div id="departmentMenu_1597112_2335182" class="departmentMenu departmentList" role="menu" data-parent="departmentMenu" data-id="2335182" aria-label="NHS services" style="top:65px" data-espot-show="ESpot_nhs-services"> <ul id="catergoryList" class="categoryList" data-parent="departmentMenu" data-toggle="departmentMenu_1597112_2335182" style="top:-65px"> <li class="mobileNavBackButtons" onclick="toggle(document.getElementById(&quot;departmentMenu_1597112_2335182&quot;)),setUpMobileBurgerMenu(this,&quot;catergoryList&quot;)"> <span data-icon="4" aria-hidden="true" class="mobileBackArrow"></span> <a class="mobileBackLink" tabindex="13"> <span class="menuItemLabel lowerLevelMenuListItem">NHS services</span> </a> </li> <li class="categoryMenuListItem"> <a id="departmentLink_2335182_view_all" onfocus="addBackgroundColourOnFocus(this)" onblur="removeBackgroundColourOnFocus(this)" onclick="analyticsJS.headObjectEventGtm(&quot;Prescriptions : visit NHS services&quot;)" name="Supermenu:Prescriptions:View all NHS services" href="https://www.boots.com/nhs-services" class="viewAllHeader" role="menuitem" tabindex="13" data-toggle="subcategoryMenu"> <p class="categoryLinkOutput"><span class="menuItemLabel lowerLevelMenuListItem">visit&nbsp;nhs services</span></p> </a> </li> <li class="categoryMenuListItem"> <a id="categoryLink_1597112_2335182_3161688" onfocus="addBackgroundColourOnFocus(this)" onblur="removeBackgroundColourOnFocus(this)" aria-label="link" href="https://www.boots.com/nhs-services/pharmacy-first" name="Supermenu:Prescriptions:NHS services:NHS Pharmacy First" title="NHS Pharmacy First" class="menuLink categoryLinkItem anchorDataToggle" role="menuitem" data-toggle="subcategoryMenu" onclick="analyticsJS.headObjectEventGtm(&quot;Prescriptions:NHS services:NHS Pharmacy First&quot;)" tabindex="13"> <p class="categoryLinkOutput"><span class="menuItemLabel lowerLevelMenuListItem">NHS Pharmacy First</span></p> </a> <span data-icon="5" aria-hidden="true" class="globalNavArrow hide"></span> <div id="subcategoryLink_1597112_2335182_3161688" class="subcategoryMenu" data-parent="departmentMenu_1597112_2335182" style="top:0"> </div> </li> <li class="categoryMenuListItem"> <a id="categoryLink_1597112_2335182_2710181" onfocus="addBackgroundColourOnFocus(this)" onblur="removeBackgroundColourOnFocus(this)" aria-label="link" href="https://www.boots.com/nhs-services/blood-pressure-service" name="Supermenu:Prescriptions:NHS services:NHS Blood Pressure Checking Service" title="NHS Blood Pressure Checking Service" class="menuLink categoryLinkItem anchorDataToggle" role="menuitem" data-toggle="subcategoryMenu" onclick="analyticsJS.headObjectEventGtm(&quot;Prescriptions:NHS services:NHS Blood Pressure Checking Service&quot;)" tabindex="13"> <p class="categoryLinkOutput"><span class="menuItemLabel lowerLevelMenuListItem">NHS Blood Pressure Checking Service</span></p> </a> <span data-icon="5" aria-hidden="true" class="globalNavArrow hide"></span> <div id="subcategoryLink_1597112_2335182_2710181" class="subcategoryMenu" data-parent="departmentMenu_1597112_2335182" style="top:0"> </div> </li> <li class="categoryMenuListItem"> <a id="categoryLink_1597112_2335182_1598769" onfocus="addBackgroundColourOnFocus(this)" onblur="removeBackgroundColourOnFocus(this)" aria-label="link" href="https://www.boots.com/nhs-services/newmedicines" name="Supermenu:Prescriptions:NHS services:NHS New Medicine Service" title="NHS New Medicine Service" class="menuLink categoryLinkItem anchorDataToggle" role="menuitem" data-toggle="subcategoryMenu" onclick="analyticsJS.headObjectEventGtm(&quot;Prescriptions:NHS services:NHS New Medicine Service&quot;)" tabindex="13"> <p class="categoryLinkOutput"><span class="menuItemLabel lowerLevelMenuListItem">NHS New Medicine Service</span></p> </a> <span data-icon="5" aria-hidden="true" class="globalNavArrow hide"></span> <div id="subcategoryLink_1597112_2335182_1598769" class="subcategoryMenu" data-parent="departmentMenu_1597112_2335182" style="top:0"> </div> </li> <li class="categoryMenuListItem"> <a id="categoryLink_1597112_2335182_2797682" onfocus="addBackgroundColourOnFocus(this)" onblur="removeBackgroundColourOnFocus(this)" aria-label="link" href="https://www.boots.com/nhs-services/substance-dependency-services" name="Supermenu:Prescriptions:NHS services:NHS Substance Dependency Service" title="NHS Substance Dependency Service" class="menuLink categoryLinkItem anchorDataToggle" role="menuitem" data-toggle="subcategoryMenu" onclick="analyticsJS.headObjectEventGtm(&quot;Prescriptions:NHS services:NHS Substance Dependency Service&quot;)" tabindex="13"> <p class="categoryLinkOutput"><span class="menuItemLabel lowerLevelMenuListItem">NHS Substance Dependency Service</span></p> </a> <span data-icon="5" aria-hidden="true" class="globalNavArrow hide"></span> <div id="subcategoryLink_1597112_2335182_2797682" class="subcategoryMenu" data-parent="departmentMenu_1597112_2335182" style="top:0"> </div> </li> <li class="categoryMenuListItem"> <a id="categoryLink_1597112_2335182_1598766" onfocus="addBackgroundColourOnFocus(this)" onblur="removeBackgroundColourOnFocus(this)" aria-label="link" href="https://www.boots.com/nhs-services/nhs-discharge-medicines-review-service" name="Supermenu:Prescriptions:NHS services:NHS Discharge Medicines Review (Wales)" title="NHS Discharge Medicines Review (Wales)" class="menuLink categoryLinkItem anchorDataToggle" role="menuitem" data-toggle="subcategoryMenu" onclick="analyticsJS.headObjectEventGtm(&quot;Prescriptions:NHS services:NHS Discharge Medicines Review (Wales)&quot;)" tabindex="13"> <p class="categoryLinkOutput"><span class="menuItemLabel lowerLevelMenuListItem">NHS Discharge Medicines Review (Wales)</span></p> </a> <span data-icon="5" aria-hidden="true" class="globalNavArrow hide"></span> <div id="subcategoryLink_1597112_2335182_1598766" class="subcategoryMenu" data-parent="departmentMenu_1597112_2335182" style="top:0"> </div> </li> <li class="categoryMenuListItem"> <a id="categoryLink_1597112_2335182_2925188" onfocus="addBackgroundColourOnFocus(this)" onblur="removeBackgroundColourOnFocus(this)" aria-label="link" href="https://www.boots.com/nhs-services/dms" name="Supermenu:Prescriptions:NHS services:NHS Discharge Medicines Service (England)" title="NHS Discharge Medicines Service (England)" class="menuLink categoryLinkItem anchorDataToggle" role="menuitem" data-toggle="subcategoryMenu" onclick="analyticsJS.headObjectEventGtm(&quot;Prescriptions:NHS services:NHS Discharge Medicines Service (England)&quot;)" tabindex="13"> <p class="categoryLinkOutput"><span class="menuItemLabel lowerLevelMenuListItem">NHS Discharge Medicines Service (England)</span></p> </a> <span data-icon="5" aria-hidden="true" class="globalNavArrow hide"></span> <div id="subcategoryLink_1597112_2335182_2925188" class="subcategoryMenu" data-parent="departmentMenu_1597112_2335182" style="top:0"> </div> </li> <li class="categoryMenuListItem"> <a id="categoryLink_1597112_2335182_1598768" onfocus="addBackgroundColourOnFocus(this)" onblur="removeBackgroundColourOnFocus(this)" aria-label="link" href="https://www.boots.com/nhs-services/minorailments" name="Supermenu:Prescriptions:NHS services:NHS Minor Ailment Scheme" title="NHS Minor Ailment Scheme" class="menuLink categoryLinkItem anchorDataToggle" role="menuitem" data-toggle="subcategoryMenu" onclick="analyticsJS.headObjectEventGtm(&quot;Prescriptions:NHS services:NHS Minor Ailment Scheme&quot;)" tabindex="13"> <p class="categoryLinkOutput"><span class="menuItemLabel lowerLevelMenuListItem">NHS Minor Ailment Scheme</span></p> </a> <span data-icon="5" aria-hidden="true" class="globalNavArrow hide"></span> <div id="subcategoryLink_1597112_2335182_1598768" class="subcategoryMenu" data-parent="departmentMenu_1597112_2335182" style="top:0"> </div> </li> <li class="categoryMenuListItem"> <a id="categoryLink_1597112_2335182_1598840" onfocus="addBackgroundColourOnFocus(this)" onblur="removeBackgroundColourOnFocus(this)" aria-label="link" href="https://www.boots.com/nhs-services/nhs-stop-smoking-service" name="Supermenu:Prescriptions:NHS services:NHS Stop Smoking Service" title="NHS Stop Smoking Service" class="menuLink categoryLinkItem anchorDataToggle" role="menuitem" data-toggle="subcategoryMenu" onclick="analyticsJS.headObjectEventGtm(&quot;Prescriptions:NHS services:NHS Stop Smoking Service&quot;)" tabindex="13"> <p class="categoryLinkOutput"><span class="menuItemLabel lowerLevelMenuListItem">NHS Stop Smoking Service</span></p> </a> <span data-icon="5" aria-hidden="true" class="globalNavArrow hide"></span> <div id="subcategoryLink_1597112_2335182_1598840" class="subcategoryMenu" data-parent="departmentMenu_1597112_2335182" style="top:0"> </div> </li> <li class="categoryMenuListItem"> <a id="categoryLink_1597112_2335182_1989689" onfocus="addBackgroundColourOnFocus(this)" onblur="removeBackgroundColourOnFocus(this)" aria-label="link" href="https://www.boots.com/nhs-services/practice-plus" name="Supermenu:Prescriptions:NHS services:Practice Plus" title="Practice Plus" class="menuLink categoryLinkItem anchorDataToggle" role="menuitem" data-toggle="subcategoryMenu" onclick="analyticsJS.headObjectEventGtm(&quot;Prescriptions:NHS services:Practice Plus&quot;)" tabindex="13"> <p class="categoryLinkOutput"><span class="menuItemLabel lowerLevelMenuListItem">Practice Plus</span></p> </a> <span data-icon="5" aria-hidden="true" class="globalNavArrow hide"></span> <div id="subcategoryLink_1597112_2335182_1989689" class="subcategoryMenu" data-parent="departmentMenu_1597112_2335182" style="top:0"> </div> </li> </ul> </div> </li> </ul> </div> </li>  <li class="topLevelMenuListItem"> <a id="topLevelLink_1593093" name="Supermenu:Health hub" title="Health hub" aria-label="Health hub link, collapsed content" href="#" class="2 departmentButton anchorDataToggle" role="menuitem" aria-haspopup="true" data-toggle="topLevelMenu_1593093" tabindex="15"> <span class="menuItemLabel">Health hub </span> </a> <span data-icon="5" aria-hidden="true" class="globalNavArrow topLevelMenuMobileArrow"></span> <div id="topLevelMenu_1593093" class="departmentMenu topLevelMenu"> <ul id="departmentMenu" role="menu" data-parent="topLevelMenu"> <li class="mobileNavBackButtons" onclick="toggle(document.getElementById(&quot;departmentMenu&quot;)),setUpMobileBurgerMenu(this,&quot;departmentMenu&quot;),deactivate(document.getElementById(&quot;topLevelMenu_1593093&quot;))"> <span data-icon="4" aria-hidden="true" class="mobileBackArrow"></span> <a id="departmentLink_backButtons" class="mobileBackLink" tabindex="16"> <span class="menuItemLabel lowerLevelMenuListItem">Health hub</span> </a> </li> <li class="departmentMenuListItem"> <a id="departmentLink_2499186" onfocus="addBackgroundColourOnFocus(this)" onblur="removeBackgroundColourOnFocus(this)" name="Supermenu:Health hub:health hub" title="health hub" href="javascript:;" class="0 link menuLink departmentLinkItem anchorDataToggle" data-toggle="departmentMenu_1593093_2499186" role="menuitem" tabindex="16" aria-label="link, collapsed content"> <p class="departmentLinkOutput"><span class="menuItemLabel lowerLevelMenuListItem">health hub</span></p> </a> <span data-icon="5" aria-hidden="true" class="globalNavArrow" id="departmenrGlobalNavArrow"></span> <div id="departmentMenu_1593093_2499186" class="departmentMenu departmentList" role="menu" data-parent="departmentMenu" data-id="2499186" aria-label="health hub" style="top:65px" data-espot-show="ESpot_healthhub"> <ul id="catergoryList" class="categoryList" data-parent="departmentMenu" data-toggle="departmentMenu_1593093_2499186" style="top:-65px"> <li class="mobileNavBackButtons" onclick="toggle(document.getElementById(&quot;departmentMenu_1593093_2499186&quot;)),setUpMobileBurgerMenu(this,&quot;catergoryList&quot;)"> <span data-icon="4" aria-hidden="true" class="mobileBackArrow"></span> <a class="mobileBackLink" tabindex="17"> <span class="menuItemLabel lowerLevelMenuListItem">health hub</span> </a> </li> <li class="categoryMenuListItem"> <a id="departmentLink_2499186_view_all" onfocus="addBackgroundColourOnFocus(this)" onblur="removeBackgroundColourOnFocus(this)" onclick="analyticsJS.headObjectEventGtm(&quot;Health hub : visit health hub&quot;)" name="Supermenu:Health hub:View all health hub" href="https://www.boots.com/healthhub" class="viewAllHeader" role="menuitem" tabindex="17" data-toggle="subcategoryMenu"> <p class="categoryLinkOutput"><span class="menuItemLabel lowerLevelMenuListItem">visit&nbsp;health hub</span></p> </a> </li> <li class="categoryMenuListItem"> <a id="categoryLink_1593093_2499186_3112685" onfocus="addBackgroundColourOnFocus(this)" onblur="removeBackgroundColourOnFocus(this)" aria-label="link" href="javascript:;" name="Supermenu:Health hub:health hub:A - Z health conditions" title="A - Z health conditions" class="menuLink categoryLinkItem anchorDataToggle" role="menuitem" data-toggle="subcategoryLink_1593093_2499186_3112685" tabindex="17"> <p class="categoryLinkOutput"><span class="menuItemLabel lowerLevelMenuListItem">A - Z health conditions</span></p> </a> <span data-icon="5" aria-hidden="true" class="globalNavArrow"></span> <div id="subcategoryLink_1593093_2499186_3112685" class="subcategoryMenu" role="menu" data-parent="departmentMenu_1593093_2499186" style="top:0"> <ul id="subcategoryList" class="subcategoryList"> <li class="mobileNavBackButtons" onclick="toggle(document.getElementById(&quot;subcategoryLink_1593093_2499186_3112685&quot;)),setUpMobileBurgerMenu(this,&quot;subcategoryLink_1593093_2499186_3112685&quot;)"> <span data-icon="4" aria-hidden="true" class="mobileBackArrow"></span> <a class="mobileBackLink" tabindex="18"> <span class="menuItemLabel lowerLevelMenuListItem">A - Z health conditions</span> </a> </li> <li> <a id="categoryLink_1593093_2499186_3112685" name="Supermenu:Health hub:health hub:View all A - Z health conditions" onfocus="addBackgroundColourOnFocus(this)" onclick="analyticsJS.headObjectEventGtm(&quot;Health hub : health hub : visit A - Z health conditions&quot;)" onblur="removeBackgroundColourOnFocus(this)" href="https://www.boots.com/healthhub/a-z-conditions" tabindex="18" class="viewAllHeader"> <p class="subcategoryLinkOutput"><span class="menuItemLabel lowerLevelMenuListItem">visit&nbsp;a - z health conditions</span></p> </a> </li> </ul> </div> </li> <li class="categoryMenuListItem"> <a id="categoryLink_1593093_2499186_3112686" onfocus="addBackgroundColourOnFocus(this)" onblur="removeBackgroundColourOnFocus(this)" aria-label="link" href="javascript:;" name="Supermenu:Health hub:health hub:A - Z health services" title="A - Z health services" class="menuLink categoryLinkItem anchorDataToggle" role="menuitem" data-toggle="subcategoryLink_1593093_2499186_3112686" tabindex="17"> <p class="categoryLinkOutput"><span class="menuItemLabel lowerLevelMenuListItem">A - Z health services</span></p> </a> <span data-icon="5" aria-hidden="true" class="globalNavArrow"></span> <div id="subcategoryLink_1593093_2499186_3112686" class="subcategoryMenu" role="menu" data-parent="departmentMenu_1593093_2499186" style="top:0"> <ul id="subcategoryList" class="subcategoryList"> <li class="mobileNavBackButtons" onclick="toggle(document.getElementById(&quot;subcategoryLink_1593093_2499186_3112686&quot;)),setUpMobileBurgerMenu(this,&quot;subcategoryLink_1593093_2499186_3112686&quot;)"> <span data-icon="4" aria-hidden="true" class="mobileBackArrow"></span> <a class="mobileBackLink" tabindex="18"> <span class="menuItemLabel lowerLevelMenuListItem">A - Z health services</span> </a> </li> <li> <a id="categoryLink_1593093_2499186_3112686" name="Supermenu:Health hub:health hub:View all A - Z health services" onfocus="addBackgroundColourOnFocus(this)" onclick="analyticsJS.headObjectEventGtm(&quot;Health hub : health hub : visit A - Z health services&quot;)" onblur="removeBackgroundColourOnFocus(this)" href="https://www.boots.com/healthhub/a-z-services" tabindex="18" class="viewAllHeader"> <p class="subcategoryLinkOutput"><span class="menuItemLabel lowerLevelMenuListItem">visit&nbsp;a - z health services</span></p> </a> </li> </ul> </div> </li> <li class="categoryMenuListItem"> <a id="categoryLink_1593093_2499186_2964183" onfocus="addBackgroundColourOnFocus(this)" onblur="removeBackgroundColourOnFocus(this)" aria-label="link" href="javascript:;" name="Supermenu:Health hub:health hub:men's health" title="men's health" class="menuLink categoryLinkItem anchorDataToggle" role="menuitem" data-toggle="subcategoryLink_1593093_2499186_2964183" tabindex="17"> <p class="categoryLinkOutput"><span class="menuItemLabel lowerLevelMenuListItem">men's health</span></p> </a> <span data-icon="5" aria-hidden="true" class="globalNavArrow"></span> <div id="subcategoryLink_1593093_2499186_2964183" class="subcategoryMenu" role="menu" data-parent="departmentMenu_1593093_2499186" style="top:0"> <ul id="subcategoryList" class="subcategoryList"> <li class="mobileNavBackButtons" onclick="toggle(document.getElementById(&quot;subcategoryLink_1593093_2499186_2964183&quot;)),setUpMobileBurgerMenu(this,&quot;subcategoryLink_1593093_2499186_2964183&quot;)"> <span data-icon="4" aria-hidden="true" class="mobileBackArrow"></span> <a class="mobileBackLink" tabindex="18"> <span class="menuItemLabel lowerLevelMenuListItem">men's health</span> </a> </li> <li> <a id="categoryLink_1593093_2499186_2964183" name="Supermenu:Health hub:health hub:View all men's health" onfocus="addBackgroundColourOnFocus(this)" onclick="analyticsJS.headObjectEventGtm('Health hub : health hub : visit men's health' );" onblur="removeBackgroundColourOnFocus(this)" href="https://www.boots.com/healthhub/mens-health" tabindex="18" class="viewAllHeader"> <p class="subcategoryLinkOutput"><span class="menuItemLabel lowerLevelMenuListItem">visit&nbsp;men's health</span></p> </a> </li> </ul> </div> </li> <li class="categoryMenuListItem"> <a id="categoryLink_1593093_2499186_2961699" onfocus="addBackgroundColourOnFocus(this)" onblur="removeBackgroundColourOnFocus(this)" aria-label="link" href="javascript:;" name="Supermenu:Health hub:health hub:sexual health" title="sexual health" class="menuLink categoryLinkItem anchorDataToggle" role="menuitem" data-toggle="subcategoryLink_1593093_2499186_2961699" tabindex="17"> <p class="categoryLinkOutput"><span class="menuItemLabel lowerLevelMenuListItem">sexual health</span></p> </a> <span data-icon="5" aria-hidden="true" class="globalNavArrow"></span> <div id="subcategoryLink_1593093_2499186_2961699" class="subcategoryMenu" role="menu" data-parent="departmentMenu_1593093_2499186" style="top:0"> <ul id="subcategoryList" class="subcategoryList"> <li class="mobileNavBackButtons" onclick="toggle(document.getElementById(&quot;subcategoryLink_1593093_2499186_2961699&quot;)),setUpMobileBurgerMenu(this,&quot;subcategoryLink_1593093_2499186_2961699&quot;)"> <span data-icon="4" aria-hidden="true" class="mobileBackArrow"></span> <a class="mobileBackLink" tabindex="18"> <span class="menuItemLabel lowerLevelMenuListItem">sexual health</span> </a> </li> <li> <a id="categoryLink_1593093_2499186_2961699" name="Supermenu:Health hub:health hub:View all sexual health" onfocus="addBackgroundColourOnFocus(this)" onclick="analyticsJS.headObjectEventGtm(&quot;Health hub : health hub : visit sexual health&quot;)" onblur="removeBackgroundColourOnFocus(this)" href="https://www.boots.com/healthhub/sexual-health" tabindex="18" class="viewAllHeader"> <p class="subcategoryLinkOutput"><span class="menuItemLabel lowerLevelMenuListItem">visit&nbsp;sexual health</span></p> </a> </li> </ul> </div> </li> <li class="categoryMenuListItem"> <a id="categoryLink_1593093_2499186_3051184" onfocus="addBackgroundColourOnFocus(this)" onblur="removeBackgroundColourOnFocus(this)" aria-label="link" href="javascript:;" name="Supermenu:Health hub:health hub:digestive health advice" title="digestive health advice" class="menuLink categoryLinkItem anchorDataToggle" role="menuitem" data-toggle="subcategoryLink_1593093_2499186_3051184" tabindex="17"> <p class="categoryLinkOutput"><span class="menuItemLabel lowerLevelMenuListItem">digestive health advice</span></p> </a> <span data-icon="5" aria-hidden="true" class="globalNavArrow"></span> <div id="subcategoryLink_1593093_2499186_3051184" class="subcategoryMenu" role="menu" data-parent="departmentMenu_1593093_2499186" style="top:0"> <ul id="subcategoryList" class="subcategoryList"> <li class="mobileNavBackButtons" onclick="toggle(document.getElementById(&quot;subcategoryLink_1593093_2499186_3051184&quot;)),setUpMobileBurgerMenu(this,&quot;subcategoryLink_1593093_2499186_3051184&quot;)"> <span data-icon="4" aria-hidden="true" class="mobileBackArrow"></span> <a class="mobileBackLink" tabindex="18"> <span class="menuItemLabel lowerLevelMenuListItem">digestive health advice</span> </a> </li> <li> <a id="categoryLink_1593093_2499186_3051184" name="Supermenu:Health hub:health hub:View all digestive health advice" onfocus="addBackgroundColourOnFocus(this)" onclick="analyticsJS.headObjectEventGtm(&quot;Health hub : health hub : visit digestive health advice&quot;)" onblur="removeBackgroundColourOnFocus(this)" href="https://www.boots.com/healthhub/digestive-health-advice" tabindex="18" class="viewAllHeader"> <p class="subcategoryLinkOutput"><span class="menuItemLabel lowerLevelMenuListItem">visit&nbsp;digestive health advice</span></p> </a> </li> </ul> </div> </li> <li class="categoryMenuListItem"> <a id="categoryLink_1593093_2499186_1598806" onfocus="addBackgroundColourOnFocus(this)" onblur="removeBackgroundColourOnFocus(this)" aria-label="link" href="javascript:;" name="Supermenu:Health hub:health hub:skin health advice" title="skin health advice" class="menuLink categoryLinkItem anchorDataToggle" role="menuitem" data-toggle="subcategoryLink_1593093_2499186_1598806" tabindex="17"> <p class="categoryLinkOutput"><span class="menuItemLabel lowerLevelMenuListItem">skin health advice</span></p> </a> <span data-icon="5" aria-hidden="true" class="globalNavArrow"></span> <div id="subcategoryLink_1593093_2499186_1598806" class="subcategoryMenu" role="menu" data-parent="departmentMenu_1593093_2499186" style="top:0"> <ul id="subcategoryList" class="subcategoryList"> <li class="mobileNavBackButtons" onclick="toggle(document.getElementById(&quot;subcategoryLink_1593093_2499186_1598806&quot;)),setUpMobileBurgerMenu(this,&quot;subcategoryLink_1593093_2499186_1598806&quot;)"> <span data-icon="4" aria-hidden="true" class="mobileBackArrow"></span> <a class="mobileBackLink" tabindex="18"> <span class="menuItemLabel lowerLevelMenuListItem">skin health advice</span> </a> </li> <li> <a id="categoryLink_1593093_2499186_1598806" name="Supermenu:Health hub:health hub:View all skin health advice" onfocus="addBackgroundColourOnFocus(this)" onclick="analyticsJS.headObjectEventGtm(&quot;Health hub : health hub : visit skin health advice&quot;)" onblur="removeBackgroundColourOnFocus(this)" href="https://www.boots.com/healthhub/skin-services" tabindex="18" class="viewAllHeader"> <p class="subcategoryLinkOutput"><span class="menuItemLabel lowerLevelMenuListItem">visit&nbsp;skin health advice</span></p> </a> </li> </ul> </div> </li> <li class="categoryMenuListItem"> <a id="categoryLink_1593093_2499186_2964184" onfocus="addBackgroundColourOnFocus(this)" onblur="removeBackgroundColourOnFocus(this)" aria-label="link" href="javascript:;" name="Supermenu:Health hub:health hub:women's health" title="women's health" class="menuLink categoryLinkItem anchorDataToggle" role="menuitem" data-toggle="subcategoryLink_1593093_2499186_2964184" tabindex="17"> <p class="categoryLinkOutput"><span class="menuItemLabel lowerLevelMenuListItem">women's health</span></p> </a> <span data-icon="5" aria-hidden="true" class="globalNavArrow"></span> <div id="subcategoryLink_1593093_2499186_2964184" class="subcategoryMenu" role="menu" data-parent="departmentMenu_1593093_2499186" style="top:0"> <ul id="subcategoryList" class="subcategoryList"> <li class="mobileNavBackButtons" onclick="toggle(document.getElementById(&quot;subcategoryLink_1593093_2499186_2964184&quot;)),setUpMobileBurgerMenu(this,&quot;subcategoryLink_1593093_2499186_2964184&quot;)"> <span data-icon="4" aria-hidden="true" class="mobileBackArrow"></span> <a class="mobileBackLink" tabindex="18"> <span class="menuItemLabel lowerLevelMenuListItem">women's health</span> </a> </li> <li> <a id="categoryLink_1593093_2499186_2964184" name="Supermenu:Health hub:health hub:View all women's health" onfocus="addBackgroundColourOnFocus(this)" onclick="analyticsJS.headObjectEventGtm('Health hub : health hub : visit women's health' );" onblur="removeBackgroundColourOnFocus(this)" href="https://www.boots.com/healthhub/womens-health" tabindex="18" class="viewAllHeader"> <p class="subcategoryLinkOutput"><span class="menuItemLabel lowerLevelMenuListItem">visit&nbsp;women's health</span></p> </a> </li> </ul> </div> </li> <li class="categoryMenuListItem"> <a id="categoryLink_1593093_2499186_2701181" onfocus="addBackgroundColourOnFocus(this)" onblur="removeBackgroundColourOnFocus(this)" aria-label="link" href="javascript:;" name="Supermenu:Health hub:health hub:mental health support" title="mental health support" class="menuLink categoryLinkItem anchorDataToggle" role="menuitem" data-toggle="subcategoryLink_1593093_2499186_2701181" tabindex="17"> <p class="categoryLinkOutput"><span class="menuItemLabel lowerLevelMenuListItem">mental health support</span></p> </a> <span data-icon="5" aria-hidden="true" class="globalNavArrow"></span> <div id="subcategoryLink_1593093_2499186_2701181" class="subcategoryMenu" role="menu" data-parent="departmentMenu_1593093_2499186" style="top:0"> <ul id="subcategoryList" class="subcategoryList"> <li class="mobileNavBackButtons" onclick="toggle(document.getElementById(&quot;subcategoryLink_1593093_2499186_2701181&quot;)),setUpMobileBurgerMenu(this,&quot;subcategoryLink_1593093_2499186_2701181&quot;)"> <span data-icon="4" aria-hidden="true" class="mobileBackArrow"></span> <a class="mobileBackLink" tabindex="18"> <span class="menuItemLabel lowerLevelMenuListItem">mental health support</span> </a> </li> <li> <a id="categoryLink_1593093_2499186_2701181" name="Supermenu:Health hub:health hub:View all mental health support" onfocus="addBackgroundColourOnFocus(this)" onclick="analyticsJS.headObjectEventGtm(&quot;Health hub : health hub : visit mental health support&quot;)" onblur="removeBackgroundColourOnFocus(this)" href="https://www.boots.com/healthhub/mental-health-support" tabindex="18" class="viewAllHeader"> <p class="subcategoryLinkOutput"><span class="menuItemLabel lowerLevelMenuListItem">visit&nbsp;mental health support</span></p> </a> </li> </ul> </div> </li> <li class="categoryMenuListItem"> <a id="categoryLink_1593093_2499186_2961694" onfocus="addBackgroundColourOnFocus(this)" onblur="removeBackgroundColourOnFocus(this)" aria-label="link" href="javascript:;" name="Supermenu:Health hub:health hub:living well" title="living well" class="menuLink categoryLinkItem anchorDataToggle" role="menuitem" data-toggle="subcategoryLink_1593093_2499186_2961694" tabindex="17"> <p class="categoryLinkOutput"><span class="menuItemLabel lowerLevelMenuListItem">living well</span></p> </a> <span data-icon="5" aria-hidden="true" class="globalNavArrow"></span> <div id="subcategoryLink_1593093_2499186_2961694" class="subcategoryMenu" role="menu" data-parent="departmentMenu_1593093_2499186" style="top:0"> <ul id="subcategoryList" class="subcategoryList"> <li class="mobileNavBackButtons" onclick="toggle(document.getElementById(&quot;subcategoryLink_1593093_2499186_2961694&quot;)),setUpMobileBurgerMenu(this,&quot;subcategoryLink_1593093_2499186_2961694&quot;)"> <span data-icon="4" aria-hidden="true" class="mobileBackArrow"></span> <a class="mobileBackLink" tabindex="18"> <span class="menuItemLabel lowerLevelMenuListItem">living well</span> </a> </li> <li> <a id="categoryLink_1593093_2499186_2961694" name="Supermenu:Health hub:health hub:View all living well" onfocus="addBackgroundColourOnFocus(this)" onclick="analyticsJS.headObjectEventGtm(&quot;Health hub : health hub : visit living well&quot;)" onblur="removeBackgroundColourOnFocus(this)" href="https://www.boots.com/healthhub/living-well" tabindex="18" class="viewAllHeader"> <p class="subcategoryLinkOutput"><span class="menuItemLabel lowerLevelMenuListItem">visit&nbsp;living well</span></p> </a> </li> </ul> </div> </li> <li class="categoryMenuListItem"> <a id="categoryLink_1593093_2499186_3053682" onfocus="addBackgroundColourOnFocus(this)" onblur="removeBackgroundColourOnFocus(this)" aria-label="link" href="javascript:;" name="Supermenu:Health hub:health hub:travel health advice" title="travel health advice" class="menuLink categoryLinkItem anchorDataToggle" role="menuitem" data-toggle="subcategoryLink_1593093_2499186_3053682" tabindex="17"> <p class="categoryLinkOutput"><span class="menuItemLabel lowerLevelMenuListItem">travel health advice</span></p> </a> <span data-icon="5" aria-hidden="true" class="globalNavArrow"></span> <div id="subcategoryLink_1593093_2499186_3053682" class="subcategoryMenu" role="menu" data-parent="departmentMenu_1593093_2499186" style="top:0"> <ul id="subcategoryList" class="subcategoryList"> <li class="mobileNavBackButtons" onclick="toggle(document.getElementById(&quot;subcategoryLink_1593093_2499186_3053682&quot;)),setUpMobileBurgerMenu(this,&quot;subcategoryLink_1593093_2499186_3053682&quot;)"> <span data-icon="4" aria-hidden="true" class="mobileBackArrow"></span> <a class="mobileBackLink" tabindex="18"> <span class="menuItemLabel lowerLevelMenuListItem">travel health advice</span> </a> </li> <li> <a id="categoryLink_1593093_2499186_3053682" name="Supermenu:Health hub:health hub:View all travel health advice" onfocus="addBackgroundColourOnFocus(this)" onclick="analyticsJS.headObjectEventGtm(&quot;Health hub : health hub : visit travel health advice&quot;)" onblur="removeBackgroundColourOnFocus(this)" href="https://www.boots.com/healthhub/travel-health-advice" tabindex="18" class="viewAllHeader"> <p class="subcategoryLinkOutput"><span class="menuItemLabel lowerLevelMenuListItem">visit&nbsp;travel health advice</span></p> </a> </li> </ul> </div> </li> <li class="categoryMenuListItem"> <a id="categoryLink_1593093_2499186_3091682" onfocus="addBackgroundColourOnFocus(this)" onblur="removeBackgroundColourOnFocus(this)" aria-label="link" href="javascript:;" name="Supermenu:Health hub:health hub:childrens health" title="childrens health" class="menuLink categoryLinkItem anchorDataToggle" role="menuitem" data-toggle="subcategoryLink_1593093_2499186_3091682" tabindex="17"> <p class="categoryLinkOutput"><span class="menuItemLabel lowerLevelMenuListItem">childrens health</span></p> </a> <span data-icon="5" aria-hidden="true" class="globalNavArrow"></span> <div id="subcategoryLink_1593093_2499186_3091682" class="subcategoryMenu" role="menu" data-parent="departmentMenu_1593093_2499186" style="top:0"> <ul id="subcategoryList" class="subcategoryList"> <li class="mobileNavBackButtons" onclick="toggle(document.getElementById(&quot;subcategoryLink_1593093_2499186_3091682&quot;)),setUpMobileBurgerMenu(this,&quot;subcategoryLink_1593093_2499186_3091682&quot;)"> <span data-icon="4" aria-hidden="true" class="mobileBackArrow"></span> <a class="mobileBackLink" tabindex="18"> <span class="menuItemLabel lowerLevelMenuListItem">childrens health</span> </a> </li> <li> <a id="categoryLink_1593093_2499186_3091682" name="Supermenu:Health hub:health hub:View all childrens health" onfocus="addBackgroundColourOnFocus(this)" onclick="analyticsJS.headObjectEventGtm(&quot;Health hub : health hub : visit childrens health&quot;)" onblur="removeBackgroundColourOnFocus(this)" href="https://www.boots.com/healthhub/childrens-health" tabindex="18" class="viewAllHeader"> <p class="subcategoryLinkOutput"><span class="menuItemLabel lowerLevelMenuListItem">visit&nbsp;childrens health</span></p> </a> </li> </ul> </div> </li> <li class="categoryMenuListItem"> <a id="categoryLink_1593093_2499186_3132238" onfocus="addBackgroundColourOnFocus(this)" onblur="removeBackgroundColourOnFocus(this)" aria-label="link" href="javascript:;" name="Supermenu:Health hub:health hub:seasonal health" title="seasonal health" class="menuLink categoryLinkItem anchorDataToggle" role="menuitem" data-toggle="subcategoryLink_1593093_2499186_3132238" tabindex="17"> <p class="categoryLinkOutput"><span class="menuItemLabel lowerLevelMenuListItem">seasonal health</span></p> </a> <span data-icon="5" aria-hidden="true" class="globalNavArrow"></span> <div id="subcategoryLink_1593093_2499186_3132238" class="subcategoryMenu" role="menu" data-parent="departmentMenu_1593093_2499186" style="top:0"> <ul id="subcategoryList" class="subcategoryList"> <li class="mobileNavBackButtons" onclick="toggle(document.getElementById(&quot;subcategoryLink_1593093_2499186_3132238&quot;)),setUpMobileBurgerMenu(this,&quot;subcategoryLink_1593093_2499186_3132238&quot;)"> <span data-icon="4" aria-hidden="true" class="mobileBackArrow"></span> <a class="mobileBackLink" tabindex="18"> <span class="menuItemLabel lowerLevelMenuListItem">seasonal health</span> </a> </li> <li> <a id="categoryLink_1593093_2499186_3132238" name="Supermenu:Health hub:health hub:View all seasonal health" onfocus="addBackgroundColourOnFocus(this)" onclick="analyticsJS.headObjectEventGtm(&quot;Health hub : health hub : visit seasonal health&quot;)" onblur="removeBackgroundColourOnFocus(this)" href="https://www.boots.com/healthhub/seasonal-illnesses" tabindex="18" class="viewAllHeader"> <p class="subcategoryLinkOutput"><span class="menuItemLabel lowerLevelMenuListItem">visit&nbsp;seasonal health</span></p> </a> </li> </ul> </div> </li> <li class="categoryMenuListItem"> <a id="categoryLink_1593093_2499186_3183184" onfocus="addBackgroundColourOnFocus(this)" onblur="removeBackgroundColourOnFocus(this)" aria-label="link" href="javascript:;" name="Supermenu:Health hub:health hub:heart health" title="heart health" class="menuLink categoryLinkItem anchorDataToggle" role="menuitem" data-toggle="subcategoryLink_1593093_2499186_3183184" tabindex="17"> <p class="categoryLinkOutput"><span class="menuItemLabel lowerLevelMenuListItem">heart health</span></p> </a> <span data-icon="5" aria-hidden="true" class="globalNavArrow"></span> <div id="subcategoryLink_1593093_2499186_3183184" class="subcategoryMenu" role="menu" data-parent="departmentMenu_1593093_2499186" style="top:0"> <ul id="subcategoryList" class="subcategoryList"> <li class="mobileNavBackButtons" onclick="toggle(document.getElementById(&quot;subcategoryLink_1593093_2499186_3183184&quot;)),setUpMobileBurgerMenu(this,&quot;subcategoryLink_1593093_2499186_3183184&quot;)"> <span data-icon="4" aria-hidden="true" class="mobileBackArrow"></span> <a class="mobileBackLink" tabindex="18"> <span class="menuItemLabel lowerLevelMenuListItem">heart health</span> </a> </li> <li> <a id="categoryLink_1593093_2499186_3183184" name="Supermenu:Health hub:health hub:View all heart health" onfocus="addBackgroundColourOnFocus(this)" onclick="analyticsJS.headObjectEventGtm(&quot;Health hub : health hub : visit heart health&quot;)" onblur="removeBackgroundColourOnFocus(this)" href="https://www.boots.com/healthhub/heart-health" tabindex="18" class="viewAllHeader"> <p class="subcategoryLinkOutput"><span class="menuItemLabel lowerLevelMenuListItem">visit&nbsp;heart health</span></p> </a> </li> </ul> </div> </li> <li class="categoryMenuListItem"> <a id="categoryLink_1593093_2499186_3183682" onfocus="addBackgroundColourOnFocus(this)" onblur="removeBackgroundColourOnFocus(this)" aria-label="link" href="javascript:;" name="Supermenu:Health hub:health hub:vitamins &amp; supplements" title="vitamins &amp; supplements" class="menuLink categoryLinkItem anchorDataToggle" role="menuitem" data-toggle="subcategoryLink_1593093_2499186_3183682" tabindex="17"> <p class="categoryLinkOutput"><span class="menuItemLabel lowerLevelMenuListItem">vitamins &amp; supplements</span></p> </a> <span data-icon="5" aria-hidden="true" class="globalNavArrow"></span> <div id="subcategoryLink_1593093_2499186_3183682" class="subcategoryMenu" role="menu" data-parent="departmentMenu_1593093_2499186" style="top:0"> <ul id="subcategoryList" class="subcategoryList"> <li class="mobileNavBackButtons" onclick="toggle(document.getElementById(&quot;subcategoryLink_1593093_2499186_3183682&quot;)),setUpMobileBurgerMenu(this,&quot;subcategoryLink_1593093_2499186_3183682&quot;)"> <span data-icon="4" aria-hidden="true" class="mobileBackArrow"></span> <a class="mobileBackLink" tabindex="18"> <span class="menuItemLabel lowerLevelMenuListItem">vitamins &amp; supplements</span> </a> </li> <li> <a id="categoryLink_1593093_2499186_3183682" name="Supermenu:Health hub:health hub:View all vitamins &amp; supplements" onfocus="addBackgroundColourOnFocus(this)" onclick="analyticsJS.headObjectEventGtm(&quot;Health hub : health hub : visit vitamins &amp; supplements&quot;)" onblur="removeBackgroundColourOnFocus(this)" href="https://www.boots.com/healthhub/vitamins-supplements" tabindex="18" class="viewAllHeader"> <p class="subcategoryLinkOutput"><span class="menuItemLabel lowerLevelMenuListItem">visit&nbsp;vitamins &amp; supplements</span></p> </a> </li> </ul> </div> </li> <li class="categoryMenuListItem"> <a id="categoryLink_1593093_2499186_3184186" onfocus="addBackgroundColourOnFocus(this)" onblur="removeBackgroundColourOnFocus(this)" aria-label="link" href="javascript:;" name="Supermenu:Health hub:health hub:pain" title="pain" class="menuLink categoryLinkItem anchorDataToggle" role="menuitem" data-toggle="subcategoryLink_1593093_2499186_3184186" tabindex="17"> <p class="categoryLinkOutput"><span class="menuItemLabel lowerLevelMenuListItem">pain</span></p> </a> <span data-icon="5" aria-hidden="true" class="globalNavArrow"></span> <div id="subcategoryLink_1593093_2499186_3184186" class="subcategoryMenu" role="menu" data-parent="departmentMenu_1593093_2499186" style="top:0"> <ul id="subcategoryList" class="subcategoryList"> <li class="mobileNavBackButtons" onclick="toggle(document.getElementById(&quot;subcategoryLink_1593093_2499186_3184186&quot;)),setUpMobileBurgerMenu(this,&quot;subcategoryLink_1593093_2499186_3184186&quot;)"> <span data-icon="4" aria-hidden="true" class="mobileBackArrow"></span> <a class="mobileBackLink" tabindex="18"> <span class="menuItemLabel lowerLevelMenuListItem">pain</span> </a> </li> <li> <a id="categoryLink_1593093_2499186_3184186" name="Supermenu:Health hub:health hub:View all pain" onfocus="addBackgroundColourOnFocus(this)" onclick="analyticsJS.headObjectEventGtm(&quot;Health hub : health hub : visit pain&quot;)" onblur="removeBackgroundColourOnFocus(this)" href="https://www.boots.com/healthhub/pain" tabindex="18" class="viewAllHeader"> <p class="subcategoryLinkOutput"><span class="menuItemLabel lowerLevelMenuListItem">visit&nbsp;pain</span></p> </a> </li> </ul> </div> </li> <li class="categoryMenuListItem"> <a id="categoryLink_1593093_2499186_3028211" onfocus="addBackgroundColourOnFocus(this)" onblur="removeBackgroundColourOnFocus(this)" aria-label="link" href="javascript:;" name="Supermenu:Health hub:health hub:footcare" title="footcare" class="menuLink categoryLinkItem anchorDataToggle" role="menuitem" data-toggle="subcategoryLink_1593093_2499186_3028211" tabindex="17"> <p class="categoryLinkOutput"><span class="menuItemLabel lowerLevelMenuListItem">footcare</span></p> </a> <span data-icon="5" aria-hidden="true" class="globalNavArrow"></span> <div id="subcategoryLink_1593093_2499186_3028211" class="subcategoryMenu" role="menu" data-parent="departmentMenu_1593093_2499186" style="top:0"> <ul id="subcategoryList" class="subcategoryList"> <li class="mobileNavBackButtons" onclick="toggle(document.getElementById(&quot;subcategoryLink_1593093_2499186_3028211&quot;)),setUpMobileBurgerMenu(this,&quot;subcategoryLink_1593093_2499186_3028211&quot;)"> <span data-icon="4" aria-hidden="true" class="mobileBackArrow"></span> <a class="mobileBackLink" tabindex="18"> <span class="menuItemLabel lowerLevelMenuListItem">footcare</span> </a> </li> <li> <a id="categoryLink_1593093_2499186_3028211" name="Supermenu:Health hub:health hub:View all footcare" onfocus="addBackgroundColourOnFocus(this)" onclick="analyticsJS.headObjectEventGtm(&quot;Health hub : health hub : visit footcare&quot;)" onblur="removeBackgroundColourOnFocus(this)" href="https://www.boots.com/healthhub/foot-health" tabindex="18" class="viewAllHeader"> <p class="subcategoryLinkOutput"><span class="menuItemLabel lowerLevelMenuListItem">visit&nbsp;footcare</span></p> </a> </li> </ul> </div> </li> <li class="categoryMenuListItem"> <a id="categoryLink_1593093_2499186_2161681" onfocus="addBackgroundColourOnFocus(this)" onblur="removeBackgroundColourOnFocus(this)" aria-label="link" href="javascript:;" name="Supermenu:Health hub:health hub:oral health" title="oral health" class="menuLink categoryLinkItem anchorDataToggle" role="menuitem" data-toggle="subcategoryLink_1593093_2499186_2161681" tabindex="17"> <p class="categoryLinkOutput"><span class="menuItemLabel lowerLevelMenuListItem">oral health</span></p> </a> <span data-icon="5" aria-hidden="true" class="globalNavArrow"></span> <div id="subcategoryLink_1593093_2499186_2161681" class="subcategoryMenu" role="menu" data-parent="departmentMenu_1593093_2499186" style="top:0"> <ul id="subcategoryList" class="subcategoryList"> <li class="mobileNavBackButtons" onclick="toggle(document.getElementById(&quot;subcategoryLink_1593093_2499186_2161681&quot;)),setUpMobileBurgerMenu(this,&quot;subcategoryLink_1593093_2499186_2161681&quot;)"> <span data-icon="4" aria-hidden="true" class="mobileBackArrow"></span> <a class="mobileBackLink" tabindex="18"> <span class="menuItemLabel lowerLevelMenuListItem">oral health</span> </a> </li> <li> <a id="categoryLink_1593093_2499186_2161681" name="Supermenu:Health hub:health hub:View all oral health" onfocus="addBackgroundColourOnFocus(this)" onclick="analyticsJS.headObjectEventGtm(&quot;Health hub : health hub : visit oral health&quot;)" onblur="removeBackgroundColourOnFocus(this)" href="https://www.boots.com/healthhub/oral-health-advice" tabindex="18" class="viewAllHeader"> <p class="subcategoryLinkOutput"><span class="menuItemLabel lowerLevelMenuListItem">visit&nbsp;oral health</span></p> </a> </li> </ul> </div> </li> <li class="categoryMenuListItem"> <a id="categoryLink_1593093_2499186_1625616" onfocus="addBackgroundColourOnFocus(this)" onblur="removeBackgroundColourOnFocus(this)" aria-label="link" href="https://www.boots.com/healthhub/eye-health" name="Supermenu:Health hub:health hub:eye health" title="eye health" class="menuLink categoryLinkItem anchorDataToggle" role="menuitem" data-toggle="subcategoryMenu" onclick="analyticsJS.headObjectEventGtm(&quot;Health hub:health hub:eye health&quot;)" tabindex="17"> <p class="categoryLinkOutput"><span class="menuItemLabel lowerLevelMenuListItem">eye health</span></p> </a> <span data-icon="5" aria-hidden="true" class="globalNavArrow hide"></span> <div id="subcategoryLink_1593093_2499186_1625616" class="subcategoryMenu" data-parent="departmentMenu_1593093_2499186" style="top:0"> </div> </li> <li class="categoryMenuListItem"> <a id="categoryLink_1593093_2499186_3068684" onfocus="addBackgroundColourOnFocus(this)" onblur="removeBackgroundColourOnFocus(this)" aria-label="link" href="https://www.boots.com/healthhub/health-services" name="Supermenu:Health hub:health hub:services" title="services" class="menuLink categoryLinkItem anchorDataToggle" role="menuitem" data-toggle="subcategoryMenu" onclick="analyticsJS.headObjectEventGtm(&quot;Health hub:health hub:services&quot;)" tabindex="17"> <p class="categoryLinkOutput"><span class="menuItemLabel lowerLevelMenuListItem">services</span></p> </a> <span data-icon="5" aria-hidden="true" class="globalNavArrow hide"></span> <div id="subcategoryLink_1593093_2499186_3068684" class="subcategoryMenu" data-parent="departmentMenu_1593093_2499186" style="top:0"> </div> </li> </ul> </div> </li> <li class="departmentMenuListItem"> <a id="departmentLink_3112686" onfocus="addBackgroundColourOnFocus(this)" onblur="removeBackgroundColourOnFocus(this)" name="Supermenu:Health hub:A - Z health services" title="A - Z health services" href="javascript:;" class="1 link menuLink departmentLinkItem anchorDataToggle" data-toggle="departmentMenu_1593093_3112686" role="menuitem" tabindex="16" aria-label="link, collapsed content"> <p class="departmentLinkOutput"><span class="menuItemLabel lowerLevelMenuListItem">A - Z health services</span></p> </a> <span data-icon="5" aria-hidden="true" class="globalNavArrow" id="departmenrGlobalNavArrow"></span> <div id="departmentMenu_1593093_3112686" class="departmentMenu departmentList" role="menu" data-parent="departmentMenu" data-id="3112686" aria-label="A - Z health services" style="top:65px" data-espot-show="ESpot_a-z-services"> <ul id="catergoryList" class="categoryList" data-parent="departmentMenu" data-toggle="departmentMenu_1593093_3112686" style="top:-65px"> <li class="mobileNavBackButtons" onclick="toggle(document.getElementById(&quot;departmentMenu_1593093_3112686&quot;)),setUpMobileBurgerMenu(this,&quot;catergoryList&quot;)"> <span data-icon="4" aria-hidden="true" class="mobileBackArrow"></span> <a class="mobileBackLink" tabindex="17"> <span class="menuItemLabel lowerLevelMenuListItem">A - Z health services</span> </a> </li> <li class="categoryMenuListItem"> <a id="departmentLink_3112686_view_all" onfocus="addBackgroundColourOnFocus(this)" onblur="removeBackgroundColourOnFocus(this)" onclick="analyticsJS.headObjectEventGtm(&quot;Health hub : visit A - Z health services&quot;)" name="Supermenu:Health hub:View all A - Z health services" href="https://www.boots.com/a-z-services" class="viewAllHeader" role="menuitem" tabindex="17" data-toggle="subcategoryMenu"> <p class="categoryLinkOutput"><span class="menuItemLabel lowerLevelMenuListItem">visit&nbsp;a - z health services</span></p> </a> </li> <li class="categoryMenuListItem"> <a id="categoryLink_1593093_3112686_3239182" onfocus="addBackgroundColourOnFocus(this)" onblur="removeBackgroundColourOnFocus(this)" aria-label="link" href="https://www.boots.com/a-z-services/private-covid-vaccination" name="Supermenu:Health hub:A - Z health services:private covid 19 vaccination" title="private covid 19 vaccination" class="menuLink categoryLinkItem anchorDataToggle" role="menuitem" data-toggle="subcategoryMenu" onclick="analyticsJS.headObjectEventGtm(&quot;Health hub:A - Z health services:private covid 19 vaccination&quot;)" tabindex="17"> <p class="categoryLinkOutput"><span class="menuItemLabel lowerLevelMenuListItem">private covid 19 vaccination</span></p> </a> <span data-icon="5" aria-hidden="true" class="globalNavArrow hide"></span> <div id="subcategoryLink_1593093_3112686_3239182" class="subcategoryMenu" data-parent="departmentMenu_1593093_3112686" style="top:0"> </div> </li> <li class="categoryMenuListItem"> <a id="categoryLink_1593093_3112686_3161688" onfocus="addBackgroundColourOnFocus(this)" onblur="removeBackgroundColourOnFocus(this)" aria-label="link" href="https://www.boots.com/a-z-services/pharmacy-first" name="Supermenu:Health hub:A - Z health services:NHS Pharmacy First" title="NHS Pharmacy First" class="menuLink categoryLinkItem anchorDataToggle" role="menuitem" data-toggle="subcategoryMenu" onclick="analyticsJS.headObjectEventGtm(&quot;Health hub:A - Z health services:NHS Pharmacy First&quot;)" tabindex="17"> <p class="categoryLinkOutput"><span class="menuItemLabel lowerLevelMenuListItem">NHS Pharmacy First</span></p> </a> <span data-icon="5" aria-hidden="true" class="globalNavArrow hide"></span> <div id="subcategoryLink_1593093_3112686_3161688" class="subcategoryMenu" data-parent="departmentMenu_1593093_3112686" style="top:0"> </div> </li> <li class="categoryMenuListItem"> <a id="categoryLink_1593093_3112686_2995682" onfocus="addBackgroundColourOnFocus(this)" onblur="removeBackgroundColourOnFocus(this)" aria-label="link" href="https://www.boots.com/a-z-services/health-screening" name="Supermenu:Health hub:A - Z health services:Health MOT" title="Health MOT" class="menuLink categoryLinkItem anchorDataToggle" role="menuitem" data-toggle="subcategoryMenu" onclick="analyticsJS.headObjectEventGtm(&quot;Health hub:A - Z health services:Health MOT&quot;)" tabindex="17"> <p class="categoryLinkOutput"><span class="menuItemLabel lowerLevelMenuListItem">Health MOT</span></p> </a> <span data-icon="5" aria-hidden="true" class="globalNavArrow hide"></span> <div id="subcategoryLink_1593093_3112686_2995682" class="subcategoryMenu" data-parent="departmentMenu_1593093_3112686" style="top:0"> </div> </li> <li class="categoryMenuListItem"> <a id="categoryLink_1593093_3112686_1599098" onfocus="addBackgroundColourOnFocus(this)" onblur="removeBackgroundColourOnFocus(this)" aria-label="link" href="https://www.boots.com/a-z-services/acne-online-clinic-service" name="Supermenu:Health hub:A - Z health services:acne online treatment" title="acne online treatment" class="menuLink categoryLinkItem anchorDataToggle" role="menuitem" data-toggle="subcategoryMenu" onclick="analyticsJS.headObjectEventGtm(&quot;Health hub:A - Z health services:acne online treatment&quot;)" tabindex="17"> <p class="categoryLinkOutput"><span class="menuItemLabel lowerLevelMenuListItem">acne online treatment</span></p> </a> <span data-icon="5" aria-hidden="true" class="globalNavArrow hide"></span> <div id="subcategoryLink_1593093_3112686_1599098" class="subcategoryMenu" data-parent="departmentMenu_1593093_3112686" style="top:0"> </div> </li> <li class="categoryMenuListItem"> <a id="categoryLink_1593093_3112686_1918179" onfocus="addBackgroundColourOnFocus(this)" onblur="removeBackgroundColourOnFocus(this)" aria-label="link" href="https://www.boots.com/a-z-services/chickenpox-vaccination-service" name="Supermenu:Health hub:A - Z health services:Chickenpox Vaccination Service" title="Chickenpox Vaccination Service" class="menuLink categoryLinkItem anchorDataToggle" role="menuitem" data-toggle="subcategoryMenu" onclick="analyticsJS.headObjectEventGtm(&quot;Health hub:A - Z health services:Chickenpox Vaccination Service&quot;)" tabindex="17"> <p class="categoryLinkOutput"><span class="menuItemLabel lowerLevelMenuListItem">Chickenpox Vaccination Service</span></p> </a> <span data-icon="5" aria-hidden="true" class="globalNavArrow hide"></span> <div id="subcategoryLink_1593093_3112686_1918179" class="subcategoryMenu" data-parent="departmentMenu_1593093_3112686" style="top:0"> </div> </li> <li class="categoryMenuListItem"> <a id="categoryLink_1593093_3112686_2636699" onfocus="addBackgroundColourOnFocus(this)" onblur="removeBackgroundColourOnFocus(this)" aria-label="link" href="https://www.boots.com/a-z-services/cystitis-service-" name="Supermenu:Health hub:A - Z health services:cystitis treatment" title="cystitis treatment" class="menuLink categoryLinkItem anchorDataToggle" role="menuitem" data-toggle="subcategoryMenu" onclick="analyticsJS.headObjectEventGtm(&quot;Health hub:A - Z health services:cystitis treatment&quot;)" tabindex="17"> <p class="categoryLinkOutput"><span class="menuItemLabel lowerLevelMenuListItem">cystitis treatment</span></p> </a> <span data-icon="5" aria-hidden="true" class="globalNavArrow hide"></span> <div id="subcategoryLink_1593093_3112686_2636699" class="subcategoryMenu" data-parent="departmentMenu_1593093_3112686" style="top:0"> </div> </li> <li class="categoryMenuListItem"> <a id="categoryLink_1593093_3112686_2776683" onfocus="addBackgroundColourOnFocus(this)" onblur="removeBackgroundColourOnFocus(this)" aria-label="link" href="https://www.boots.com/a-z-services/online-doctor-mental-health-treatment" name="Supermenu:Health hub:A - Z health services:depression and anxiety treatment" title="depression and anxiety treatment" class="menuLink categoryLinkItem anchorDataToggle" role="menuitem" data-toggle="subcategoryMenu" onclick="analyticsJS.headObjectEventGtm(&quot;Health hub:A - Z health services:depression and anxiety treatment&quot;)" tabindex="17"> <p class="categoryLinkOutput"><span class="menuItemLabel lowerLevelMenuListItem">depression and anxiety treatment</span></p> </a> <span data-icon="5" aria-hidden="true" class="globalNavArrow hide"></span> <div id="subcategoryLink_1593093_3112686_2776683" class="subcategoryMenu" data-parent="departmentMenu_1593093_3112686" style="top:0"> </div> </li> <li class="categoryMenuListItem"> <a id="categoryLink_1593093_3112686_3155183" onfocus="addBackgroundColourOnFocus(this)" onblur="removeBackgroundColourOnFocus(this)" aria-label="link" href="https://www.boots.com/a-z-services/diabetes-in-store-service" name="Supermenu:Health hub:A - Z health services:diabetes in store service" title="diabetes in store service" class="menuLink categoryLinkItem anchorDataToggle" role="menuitem" data-toggle="subcategoryMenu" onclick="analyticsJS.headObjectEventGtm(&quot;Health hub:A - Z health services:diabetes in store service&quot;)" tabindex="17"> <p class="categoryLinkOutput"><span class="menuItemLabel lowerLevelMenuListItem">diabetes in store service</span></p> </a> <span data-icon="5" aria-hidden="true" class="globalNavArrow hide"></span> <div id="subcategoryLink_1593093_3112686_3155183" class="subcategoryMenu" data-parent="departmentMenu_1593093_3112686" style="top:0"> </div> </li> <li class="categoryMenuListItem"> <a id="categoryLink_1593093_3112686_3282684" onfocus="addBackgroundColourOnFocus(this)" onblur="removeBackgroundColourOnFocus(this)" aria-label="link" href="https://www.boots.com/a-z-services/ear-wax-removal" name="Supermenu:Health hub:A - Z health services:ear wax removal" title="ear wax removal" class="menuLink categoryLinkItem anchorDataToggle" role="menuitem" data-toggle="subcategoryMenu" onclick="analyticsJS.headObjectEventGtm(&quot;Health hub:A - Z health services:ear wax removal&quot;)" tabindex="17"> <p class="categoryLinkOutput"><span class="menuItemLabel lowerLevelMenuListItem">ear wax removal</span></p> </a> <span data-icon="5" aria-hidden="true" class="globalNavArrow hide"></span> <div id="subcategoryLink_1593093_3112686_3282684" class="subcategoryMenu" data-parent="departmentMenu_1593093_3112686" style="top:0"> </div> </li> <li class="categoryMenuListItem"> <a id="categoryLink_1593093_3112686_2636702" onfocus="addBackgroundColourOnFocus(this)" onblur="removeBackgroundColourOnFocus(this)" aria-label="link" href="https://www.boots.com/a-z-services/eczema-service-" name="Supermenu:Health hub:A - Z health services:eczema treatment" title="eczema treatment" class="menuLink categoryLinkItem anchorDataToggle" role="menuitem" data-toggle="subcategoryMenu" onclick="analyticsJS.headObjectEventGtm(&quot;Health hub:A - Z health services:eczema treatment&quot;)" tabindex="17"> <p class="categoryLinkOutput"><span class="menuItemLabel lowerLevelMenuListItem">eczema treatment</span></p> </a> <span data-icon="5" aria-hidden="true" class="globalNavArrow hide"></span> <div id="subcategoryLink_1593093_3112686_2636702" class="subcategoryMenu" data-parent="departmentMenu_1593093_3112686" style="top:0"> </div> </li> <li class="categoryMenuListItem"> <a id="categoryLink_1593093_3112686_3123184" onfocus="addBackgroundColourOnFocus(this)" onblur="removeBackgroundColourOnFocus(this)" aria-label="link" href="https://www.boots.com/a-z-services/compare-erectile-dysfunction-treatment-options" name="Supermenu:Health hub:A - Z health services:erectile dysfunction treatment" title="erectile dysfunction treatment" class="menuLink categoryLinkItem anchorDataToggle" role="menuitem" data-toggle="subcategoryMenu" onclick="analyticsJS.headObjectEventGtm(&quot;Health hub:A - Z health services:erectile dysfunction treatment&quot;)" tabindex="17"> <p class="categoryLinkOutput"><span class="menuItemLabel lowerLevelMenuListItem">erectile dysfunction treatment</span></p> </a> <span data-icon="5" aria-hidden="true" class="globalNavArrow hide"></span> <div id="subcategoryLink_1593093_3112686_3123184" class="subcategoryMenu" data-parent="departmentMenu_1593093_3112686" style="top:0"> </div> </li> <li class="categoryMenuListItem"> <a id="categoryLink_1593093_3112686_1598857" onfocus="addBackgroundColourOnFocus(this)" onblur="removeBackgroundColourOnFocus(this)" aria-label="link" href="https://www.boots.com/a-z-services/hair-loss-online-clinic" name="Supermenu:Health hub:A - Z health services:hair loss online treatment" title="hair loss online treatment" class="menuLink categoryLinkItem anchorDataToggle" role="menuitem" data-toggle="subcategoryMenu" onclick="analyticsJS.headObjectEventGtm(&quot;Health hub:A - Z health services:hair loss online treatment&quot;)" tabindex="17"> <p class="categoryLinkOutput"><span class="menuItemLabel lowerLevelMenuListItem">hair loss online treatment</span></p> </a> <span data-icon="5" aria-hidden="true" class="globalNavArrow hide"></span> <div id="subcategoryLink_1593093_3112686_1598857" class="subcategoryMenu" data-parent="departmentMenu_1593093_3112686" style="top:0"> </div> </li> <li class="categoryMenuListItem"> <a id="categoryLink_1593093_3112686_2636710" onfocus="addBackgroundColourOnFocus(this)" onblur="removeBackgroundColourOnFocus(this)" aria-label="link" href="https://www.boots.com/a-z-services/hayfever-treatment-service-" name="Supermenu:Health hub:A - Z health services:hayfever treatment" title="hayfever treatment" class="menuLink categoryLinkItem anchorDataToggle" role="menuitem" data-toggle="subcategoryMenu" onclick="analyticsJS.headObjectEventGtm(&quot;Health hub:A - Z health services:hayfever treatment&quot;)" tabindex="17"> <p class="categoryLinkOutput"><span class="menuItemLabel lowerLevelMenuListItem">hayfever treatment</span></p> </a> <span data-icon="5" aria-hidden="true" class="globalNavArrow hide"></span> <div id="subcategoryLink_1593093_3112686_2636710" class="subcategoryMenu" data-parent="departmentMenu_1593093_3112686" style="top:0"> </div> </li> <li class="categoryMenuListItem"> <a id="categoryLink_1593093_3112686_1635591" onfocus="addBackgroundColourOnFocus(this)" onblur="removeBackgroundColourOnFocus(this)" aria-label="link" href="https://www.boots.com/a-z-services/malaria-prevention-service" name="Supermenu:Health hub:A - Z health services:Malaria Prevention Service" title="Malaria Prevention Service" class="menuLink categoryLinkItem anchorDataToggle" role="menuitem" data-toggle="subcategoryMenu" onclick="analyticsJS.headObjectEventGtm(&quot;Health hub:A - Z health services:Malaria Prevention Service&quot;)" tabindex="17"> <p class="categoryLinkOutput"><span class="menuItemLabel lowerLevelMenuListItem">Malaria Prevention Service</span></p> </a> <span data-icon="5" aria-hidden="true" class="globalNavArrow hide"></span> <div id="subcategoryLink_1593093_3112686_1635591" class="subcategoryMenu" data-parent="departmentMenu_1593093_3112686" style="top:0"> </div> </li> <li class="categoryMenuListItem"> <a id="categoryLink_1593093_3112686_2636714" onfocus="addBackgroundColourOnFocus(this)" onblur="removeBackgroundColourOnFocus(this)" aria-label="link" href="https://www.boots.com/a-z-services/menopause-service-" name="Supermenu:Health hub:A - Z health services:menopause &amp; HRT treatment" title="menopause &amp; HRT treatment" class="menuLink categoryLinkItem anchorDataToggle" role="menuitem" data-toggle="subcategoryMenu" onclick="analyticsJS.headObjectEventGtm(&quot;Health hub:A - Z health services:menopause &amp; HRT treatment&quot;)" tabindex="17"> <p class="categoryLinkOutput"><span class="menuItemLabel lowerLevelMenuListItem">menopause &amp; HRT treatment</span></p> </a> <span data-icon="5" aria-hidden="true" class="globalNavArrow hide"></span> <div id="subcategoryLink_1593093_3112686_2636714" class="subcategoryMenu" data-parent="departmentMenu_1593093_3112686" style="top:0"> </div> </li> <li class="categoryMenuListItem"> <a id="categoryLink_1593093_3112686_1598852" onfocus="addBackgroundColourOnFocus(this)" onblur="removeBackgroundColourOnFocus(this)" aria-label="link" href="https://www.boots.com/a-z-services/morning-after-pill" name="Supermenu:Health hub:A - Z health services:morning after pill (emergency hormonal contraception)" title="morning after pill (emergency hormonal contraception)" class="menuLink categoryLinkItem anchorDataToggle" role="menuitem" data-toggle="subcategoryMenu" onclick="analyticsJS.headObjectEventGtm(&quot;Health hub:A - Z health services:morning after pill (emergency hormonal contraception)&quot;)" tabindex="17"> <p class="categoryLinkOutput"><span class="menuItemLabel lowerLevelMenuListItem">morning after pill (emergency hormonal contraception)</span></p> </a> <span data-icon="5" aria-hidden="true" class="globalNavArrow hide"></span> <div id="subcategoryLink_1593093_3112686_1598852" class="subcategoryMenu" data-parent="departmentMenu_1593093_3112686" style="top:0"> </div> </li> <li class="categoryMenuListItem"> <a id="categoryLink_1593093_3112686_3300182" onfocus="addBackgroundColourOnFocus(this)" onblur="removeBackgroundColourOnFocus(this)" aria-label="link" href="https://www.boots.com/a-z-services/nhs-pharmacy-contraception-service" name="Supermenu:Health hub:A - Z health services:NHS pharmacy contraception services" title="NHS pharmacy contraception services" class="menuLink categoryLinkItem anchorDataToggle" role="menuitem" data-toggle="subcategoryMenu" onclick="analyticsJS.headObjectEventGtm(&quot;Health hub:A - Z health services:NHS pharmacy contraception services&quot;)" tabindex="17"> <p class="categoryLinkOutput"><span class="menuItemLabel lowerLevelMenuListItem">NHS pharmacy contraception services</span></p> </a> <span data-icon="5" aria-hidden="true" class="globalNavArrow hide"></span> <div id="subcategoryLink_1593093_3112686_3300182" class="subcategoryMenu" data-parent="departmentMenu_1593093_3112686" style="top:0"> </div> </li> <li class="categoryMenuListItem"> <a id="categoryLink_1593093_3112686_1598851" onfocus="addBackgroundColourOnFocus(this)" onblur="removeBackgroundColourOnFocus(this)" aria-label="link" href="https://www.boots.com/a-z-services/period-delay-clinic" name="Supermenu:Health hub:A - Z health services:period delay online treatment" title="period delay online treatment" class="menuLink categoryLinkItem anchorDataToggle" role="menuitem" data-toggle="subcategoryMenu" onclick="analyticsJS.headObjectEventGtm(&quot;Health hub:A - Z health services:period delay online treatment&quot;)" tabindex="17"> <p class="categoryLinkOutput"><span class="menuItemLabel lowerLevelMenuListItem">period delay online treatment</span></p> </a> <span data-icon="5" aria-hidden="true" class="globalNavArrow hide"></span> <div id="subcategoryLink_1593093_3112686_1598851" class="subcategoryMenu" data-parent="departmentMenu_1593093_3112686" style="top:0"> </div> </li> <li class="categoryMenuListItem"> <a id="categoryLink_1593093_3112686_1672596" onfocus="addBackgroundColourOnFocus(this)" onblur="removeBackgroundColourOnFocus(this)" aria-label="link" href="https://www.boots.com/a-z-services/pneumonia-vaccination-service" name="Supermenu:Health hub:A - Z health services:Pneumonia Vaccination Service" title="Pneumonia Vaccination Service" class="menuLink categoryLinkItem anchorDataToggle" role="menuitem" data-toggle="subcategoryMenu" onclick="analyticsJS.headObjectEventGtm(&quot;Health hub:A - Z health services:Pneumonia Vaccination Service&quot;)" tabindex="17"> <p class="categoryLinkOutput"><span class="menuItemLabel lowerLevelMenuListItem">Pneumonia Vaccination Service</span></p> </a> <span data-icon="5" aria-hidden="true" class="globalNavArrow hide"></span> <div id="subcategoryLink_1593093_3112686_1672596" class="subcategoryMenu" data-parent="departmentMenu_1593093_3112686" style="top:0"> </div> </li> <li class="categoryMenuListItem"> <a id="categoryLink_1593093_3112686_3262682" onfocus="addBackgroundColourOnFocus(this)" onblur="removeBackgroundColourOnFocus(this)" aria-label="link" href="https://www.boots.com/a-z-services/private-hypertension-service" name="Supermenu:Health hub:A - Z health services:private blood pressure check service" title="private blood pressure check service" class="menuLink categoryLinkItem anchorDataToggle" role="menuitem" data-toggle="subcategoryMenu" onclick="analyticsJS.headObjectEventGtm(&quot;Health hub:A - Z health services:private blood pressure check service&quot;)" tabindex="17"> <p class="categoryLinkOutput"><span class="menuItemLabel lowerLevelMenuListItem">private blood pressure check service</span></p> </a> <span data-icon="5" aria-hidden="true" class="globalNavArrow hide"></span> <div id="subcategoryLink_1593093_3112686_3262682" class="subcategoryMenu" data-parent="departmentMenu_1593093_3112686" style="top:0"> </div> </li> <li class="categoryMenuListItem"> <a id="categoryLink_1593093_3112686_3347684" onfocus="addBackgroundColourOnFocus(this)" onblur="removeBackgroundColourOnFocus(this)" aria-label="link" href="https://www.boots.com/a-z-services/respiratory-syncytial-virus-service" name="Supermenu:Health hub:A - Z health services:respiratory syncytial virus service" title="respiratory syncytial virus service" class="menuLink categoryLinkItem anchorDataToggle" role="menuitem" data-toggle="subcategoryMenu" onclick="analyticsJS.headObjectEventGtm(&quot;Health hub:A - Z health services:respiratory syncytial virus service&quot;)" tabindex="17"> <p class="categoryLinkOutput"><span class="menuItemLabel lowerLevelMenuListItem">respiratory syncytial virus service</span></p> </a> <span data-icon="5" aria-hidden="true" class="globalNavArrow hide"></span> <div id="subcategoryLink_1593093_3112686_3347684" class="subcategoryMenu" data-parent="departmentMenu_1593093_3112686" style="top:0"> </div> </li> <li class="categoryMenuListItem"> <a id="categoryLink_1593093_3112686_3123182" onfocus="addBackgroundColourOnFocus(this)" onblur="removeBackgroundColourOnFocus(this)" aria-label="link" href="https://www.boots.com/a-z-services/sexual-health-testing-kits" name="Supermenu:Health hub:A - Z health services:sexual health testing kits" title="sexual health testing kits" class="menuLink categoryLinkItem anchorDataToggle" role="menuitem" data-toggle="subcategoryMenu" onclick="analyticsJS.headObjectEventGtm(&quot;Health hub:A - Z health services:sexual health testing kits&quot;)" tabindex="17"> <p class="categoryLinkOutput"><span class="menuItemLabel lowerLevelMenuListItem">sexual health testing kits</span></p> </a> <span data-icon="5" aria-hidden="true" class="globalNavArrow hide"></span> <div id="subcategoryLink_1593093_3112686_3123182" class="subcategoryMenu" data-parent="departmentMenu_1593093_3112686" style="top:0"> </div> </li> <li class="categoryMenuListItem"> <a id="categoryLink_1593093_3112686_2805189" onfocus="addBackgroundColourOnFocus(this)" onblur="removeBackgroundColourOnFocus(this)" aria-label="link" href="https://www.boots.com/a-z-services/shingles-vaccination-service" name="Supermenu:Health hub:A - Z health services:Shingles Vaccination Service" title="Shingles Vaccination Service" class="menuLink categoryLinkItem anchorDataToggle" role="menuitem" data-toggle="subcategoryMenu" onclick="analyticsJS.headObjectEventGtm(&quot;Health hub:A - Z health services:Shingles Vaccination Service&quot;)" tabindex="17"> <p class="categoryLinkOutput"><span class="menuItemLabel lowerLevelMenuListItem">Shingles Vaccination Service</span></p> </a> <span data-icon="5" aria-hidden="true" class="globalNavArrow hide"></span> <div id="subcategoryLink_1593093_3112686_2805189" class="subcategoryMenu" data-parent="departmentMenu_1593093_3112686" style="top:0"> </div> </li> <li class="categoryMenuListItem"> <a id="categoryLink_1593093_3112686_1598842" onfocus="addBackgroundColourOnFocus(this)" onblur="removeBackgroundColourOnFocus(this)" aria-label="link" href="https://www.boots.com/a-z-services/online-stop-smoking-clinic" name="Supermenu:Health hub:A - Z health services:stop smoking online treatment" title="stop smoking online treatment" class="menuLink categoryLinkItem anchorDataToggle" role="menuitem" data-toggle="subcategoryMenu" onclick="analyticsJS.headObjectEventGtm(&quot;Health hub:A - Z health services:stop smoking online treatment&quot;)" tabindex="17"> <p class="categoryLinkOutput"><span class="menuItemLabel lowerLevelMenuListItem">stop smoking online treatment</span></p> </a> <span data-icon="5" aria-hidden="true" class="globalNavArrow hide"></span> <div id="subcategoryLink_1593093_3112686_1598842" class="subcategoryMenu" data-parent="departmentMenu_1593093_3112686" style="top:0"> </div> </li> <li class="categoryMenuListItem"> <a id="categoryLink_1593093_3112686_2636725" onfocus="addBackgroundColourOnFocus(this)" onblur="removeBackgroundColourOnFocus(this)" aria-label="link" href="https://www.boots.com/a-z-services/weight-loss-treatment-service-" name="Supermenu:Health hub:A - Z health services:weight loss treatment" title="weight loss treatment" class="menuLink categoryLinkItem anchorDataToggle" role="menuitem" data-toggle="subcategoryMenu" onclick="analyticsJS.headObjectEventGtm(&quot;Health hub:A - Z health services:weight loss treatment&quot;)" tabindex="17"> <p class="categoryLinkOutput"><span class="menuItemLabel lowerLevelMenuListItem">weight loss treatment</span></p> </a> <span data-icon="5" aria-hidden="true" class="globalNavArrow hide"></span> <div id="subcategoryLink_1593093_3112686_2636725" class="subcategoryMenu" data-parent="departmentMenu_1593093_3112686" style="top:0"> </div> </li> </ul> </div> </li> <li class="departmentMenuListItem"> <a id="departmentLink_3161688" onfocus="addBackgroundColourOnFocus(this)" onblur="removeBackgroundColourOnFocus(this)" name="Supermenu:Health hub:NHS Pharmacy First" title="NHS Pharmacy First" href="https://www.boots.com/pharmacy-first" class="2 link menuLink departmentLinkItem anchorDataToggle" data-toggle="departmentList" onclick="analyticsJS.headObjectEventGtm(&quot;Health hub:NHS Pharmacy First&quot;)" role="menuitem" tabindex="16" aria-label="link"> <p class="departmentLinkOutput"><span class="menuItemLabel lowerLevelMenuListItem">NHS Pharmacy First</span></p> </a> <span data-icon="5" aria-hidden="true" class="globalNavArrow hide" id="departmenrGlobalNavArrow"></span> <div id="departmentMenu_1593093_3161688" class="departmentMenu departmentList" data-parent="departmentMenu" data-id="3161688" aria-label="NHS Pharmacy First" style="top:65px" data-espot-show="ESpot_pharmacy-first"> </div> </li> <li class="departmentMenuListItem"> <a id="departmentLink_2637681" onfocus="addBackgroundColourOnFocus(this)" onblur="removeBackgroundColourOnFocus(this)" name="Supermenu:Health hub:Boots online doctor" title="Boots online doctor" href="javascript:;" class="3 link menuLink departmentLinkItem anchorDataToggle" data-toggle="departmentMenu_1593093_2637681" role="menuitem" tabindex="16" aria-label="link, collapsed content"> <p class="departmentLinkOutput"><span class="menuItemLabel lowerLevelMenuListItem">Boots online doctor</span></p> </a> <span data-icon="5" aria-hidden="true" class="globalNavArrow" id="departmenrGlobalNavArrow"></span> <div id="departmentMenu_1593093_2637681" class="departmentMenu departmentList" role="menu" data-parent="departmentMenu" data-id="2637681" aria-label="Boots online doctor" style="top:65px" data-espot-show="ESpot_onlinedoctor"> <ul id="catergoryList" class="categoryList" data-parent="departmentMenu" data-toggle="departmentMenu_1593093_2637681" style="top:-65px"> <li class="mobileNavBackButtons" onclick="toggle(document.getElementById(&quot;departmentMenu_1593093_2637681&quot;)),setUpMobileBurgerMenu(this,&quot;catergoryList&quot;)"> <span data-icon="4" aria-hidden="true" class="mobileBackArrow"></span> <a class="mobileBackLink" tabindex="17"> <span class="menuItemLabel lowerLevelMenuListItem">Boots online doctor</span> </a> </li> <li class="categoryMenuListItem"> <a id="departmentLink_2637681_view_all" onfocus="addBackgroundColourOnFocus(this)" onblur="removeBackgroundColourOnFocus(this)" onclick="analyticsJS.headObjectEventGtm(&quot;Health hub : visit Boots online doctor&quot;)" name="Supermenu:Health hub:View all Boots online doctor" href="https://www.boots.com/onlinedoctor" class="viewAllHeader" role="menuitem" tabindex="17" data-toggle="subcategoryMenu"> <p class="categoryLinkOutput"><span class="menuItemLabel lowerLevelMenuListItem">visit&nbsp;boots online doctor</span></p> </a> </li> <li class="categoryMenuListItem"> <a id="categoryLink_1593093_2637681_2636731" onfocus="addBackgroundColourOnFocus(this)" onblur="removeBackgroundColourOnFocus(this)" aria-label="link" href="javascript:;" name="Supermenu:Health hub:Boots online doctor:mens health" title="mens health" class="menuLink categoryLinkItem anchorDataToggle" role="menuitem" data-toggle="subcategoryLink_1593093_2637681_2636731" tabindex="17"> <p class="categoryLinkOutput"><span class="menuItemLabel lowerLevelMenuListItem">mens health</span></p> </a> <span data-icon="5" aria-hidden="true" class="globalNavArrow"></span> <div id="subcategoryLink_1593093_2637681_2636731" class="subcategoryMenu" role="menu" data-parent="departmentMenu_1593093_2637681" style="top:0"> <ul id="subcategoryList" class="subcategoryList"> <li class="mobileNavBackButtons" onclick="toggle(document.getElementById(&quot;subcategoryLink_1593093_2637681_2636731&quot;)),setUpMobileBurgerMenu(this,&quot;subcategoryLink_1593093_2637681_2636731&quot;)"> <span data-icon="4" aria-hidden="true" class="mobileBackArrow"></span> <a class="mobileBackLink" tabindex="18"> <span class="menuItemLabel lowerLevelMenuListItem">mens health</span> </a> </li> <li> <a id="categoryLink_1593093_2637681_2636731" name="Supermenu:Health hub:Boots online doctor:View all mens health" onfocus="addBackgroundColourOnFocus(this)" onclick="analyticsJS.headObjectEventGtm(&quot;Health hub : Boots online doctor : visit mens health&quot;)" onblur="removeBackgroundColourOnFocus(this)" href="https://www.boots.com/onlinedoctor/visit-mens-health-" tabindex="18" class="viewAllHeader"> <p class="subcategoryLinkOutput"><span class="menuItemLabel lowerLevelMenuListItem">visit&nbsp;mens health</span></p> </a> </li> </ul> </div> </li> <li class="categoryMenuListItem"> <a id="categoryLink_1593093_2637681_2636730" onfocus="addBackgroundColourOnFocus(this)" onblur="removeBackgroundColourOnFocus(this)" aria-label="link" href="javascript:;" name="Supermenu:Health hub:Boots online doctor:womens health" title="womens health" class="menuLink categoryLinkItem anchorDataToggle" role="menuitem" data-toggle="subcategoryLink_1593093_2637681_2636730" tabindex="17"> <p class="categoryLinkOutput"><span class="menuItemLabel lowerLevelMenuListItem">womens health</span></p> </a> <span data-icon="5" aria-hidden="true" class="globalNavArrow"></span> <div id="subcategoryLink_1593093_2637681_2636730" class="subcategoryMenu" role="menu" data-parent="departmentMenu_1593093_2637681" style="top:0"> <ul id="subcategoryList" class="subcategoryList"> <li class="mobileNavBackButtons" onclick="toggle(document.getElementById(&quot;subcategoryLink_1593093_2637681_2636730&quot;)),setUpMobileBurgerMenu(this,&quot;subcategoryLink_1593093_2637681_2636730&quot;)"> <span data-icon="4" aria-hidden="true" class="mobileBackArrow"></span> <a class="mobileBackLink" tabindex="18"> <span class="menuItemLabel lowerLevelMenuListItem">womens health</span> </a> </li> <li> <a id="categoryLink_1593093_2637681_2636730" name="Supermenu:Health hub:Boots online doctor:View all womens health" onfocus="addBackgroundColourOnFocus(this)" onclick="analyticsJS.headObjectEventGtm(&quot;Health hub : Boots online doctor : visit womens health&quot;)" onblur="removeBackgroundColourOnFocus(this)" href="https://www.boots.com/onlinedoctor/visit-womens-health-" tabindex="18" class="viewAllHeader"> <p class="subcategoryLinkOutput"><span class="menuItemLabel lowerLevelMenuListItem">visit&nbsp;womens health</span></p> </a> </li> </ul> </div> </li> <li class="categoryMenuListItem"> <a id="categoryLink_1593093_2637681_2636727" onfocus="addBackgroundColourOnFocus(this)" onblur="removeBackgroundColourOnFocus(this)" aria-label="link" href="javascript:;" name="Supermenu:Health hub:Boots online doctor:general health" title="general health" class="menuLink categoryLinkItem anchorDataToggle" role="menuitem" data-toggle="subcategoryLink_1593093_2637681_2636727" tabindex="17"> <p class="categoryLinkOutput"><span class="menuItemLabel lowerLevelMenuListItem">general health</span></p> </a> <span data-icon="5" aria-hidden="true" class="globalNavArrow"></span> <div id="subcategoryLink_1593093_2637681_2636727" class="subcategoryMenu" role="menu" data-parent="departmentMenu_1593093_2637681" style="top:0"> <ul id="subcategoryList" class="subcategoryList"> <li class="mobileNavBackButtons" onclick="toggle(document.getElementById(&quot;subcategoryLink_1593093_2637681_2636727&quot;)),setUpMobileBurgerMenu(this,&quot;subcategoryLink_1593093_2637681_2636727&quot;)"> <span data-icon="4" aria-hidden="true" class="mobileBackArrow"></span> <a class="mobileBackLink" tabindex="18"> <span class="menuItemLabel lowerLevelMenuListItem">general health</span> </a> </li> <li> <a id="categoryLink_1593093_2637681_2636727" name="Supermenu:Health hub:Boots online doctor:View all general health" onfocus="addBackgroundColourOnFocus(this)" onclick="analyticsJS.headObjectEventGtm(&quot;Health hub : Boots online doctor : visit general health&quot;)" onblur="removeBackgroundColourOnFocus(this)" href="https://www.boots.com/onlinedoctor/visit-general-health-" tabindex="18" class="viewAllHeader"> <p class="subcategoryLinkOutput"><span class="menuItemLabel lowerLevelMenuListItem">visit&nbsp;general health</span></p> </a> </li> </ul> </div> </li> <li class="categoryMenuListItem"> <a id="categoryLink_1593093_2637681_2636726" onfocus="addBackgroundColourOnFocus(this)" onblur="removeBackgroundColourOnFocus(this)" aria-label="link" href="javascript:;" name="Supermenu:Health hub:Boots online doctor:acne &amp; skin conditions" title="acne &amp; skin conditions" class="menuLink categoryLinkItem anchorDataToggle" role="menuitem" data-toggle="subcategoryLink_1593093_2637681_2636726" tabindex="17"> <p class="categoryLinkOutput"><span class="menuItemLabel lowerLevelMenuListItem">acne &amp; skin conditions</span></p> </a> <span data-icon="5" aria-hidden="true" class="globalNavArrow"></span> <div id="subcategoryLink_1593093_2637681_2636726" class="subcategoryMenu" role="menu" data-parent="departmentMenu_1593093_2637681" style="top:0"> <ul id="subcategoryList" class="subcategoryList"> <li class="mobileNavBackButtons" onclick="toggle(document.getElementById(&quot;subcategoryLink_1593093_2637681_2636726&quot;)),setUpMobileBurgerMenu(this,&quot;subcategoryLink_1593093_2637681_2636726&quot;)"> <span data-icon="4" aria-hidden="true" class="mobileBackArrow"></span> <a class="mobileBackLink" tabindex="18"> <span class="menuItemLabel lowerLevelMenuListItem">acne &amp; skin conditions</span> </a> </li> <li> <a id="categoryLink_1593093_2637681_2636726" name="Supermenu:Health hub:Boots online doctor:View all acne &amp; skin conditions" onfocus="addBackgroundColourOnFocus(this)" onclick="analyticsJS.headObjectEventGtm(&quot;Health hub : Boots online doctor : visit acne &amp; skin conditions&quot;)" onblur="removeBackgroundColourOnFocus(this)" href="https://www.boots.com/onlinedoctor/visit-acne-and-skin-conditions-" tabindex="18" class="viewAllHeader"> <p class="subcategoryLinkOutput"><span class="menuItemLabel lowerLevelMenuListItem">visit&nbsp;acne &amp; skin conditions</span></p> </a> </li> </ul> </div> </li> <li class="categoryMenuListItem"> <a id="categoryLink_1593093_2637681_2636728" onfocus="addBackgroundColourOnFocus(this)" onblur="removeBackgroundColourOnFocus(this)" aria-label="link" href="javascript:;" name="Supermenu:Health hub:Boots online doctor:sexual health" title="sexual health" class="menuLink categoryLinkItem anchorDataToggle" role="menuitem" data-toggle="subcategoryLink_1593093_2637681_2636728" tabindex="17"> <p class="categoryLinkOutput"><span class="menuItemLabel lowerLevelMenuListItem">sexual health</span></p> </a> <span data-icon="5" aria-hidden="true" class="globalNavArrow"></span> <div id="subcategoryLink_1593093_2637681_2636728" class="subcategoryMenu" role="menu" data-parent="departmentMenu_1593093_2637681" style="top:0"> <ul id="subcategoryList" class="subcategoryList"> <li class="mobileNavBackButtons" onclick="toggle(document.getElementById(&quot;subcategoryLink_1593093_2637681_2636728&quot;)),setUpMobileBurgerMenu(this,&quot;subcategoryLink_1593093_2637681_2636728&quot;)"> <span data-icon="4" aria-hidden="true" class="mobileBackArrow"></span> <a class="mobileBackLink" tabindex="18"> <span class="menuItemLabel lowerLevelMenuListItem">sexual health</span> </a> </li> <li> <a id="categoryLink_1593093_2637681_2636728" name="Supermenu:Health hub:Boots online doctor:View all sexual health" onfocus="addBackgroundColourOnFocus(this)" onclick="analyticsJS.headObjectEventGtm(&quot;Health hub : Boots online doctor : visit sexual health&quot;)" onblur="removeBackgroundColourOnFocus(this)" href="https://www.boots.com/onlinedoctor/visit-sexual-health-" tabindex="18" class="viewAllHeader"> <p class="subcategoryLinkOutput"><span class="menuItemLabel lowerLevelMenuListItem">visit&nbsp;sexual health</span></p> </a> </li> </ul> </div> </li> <li class="categoryMenuListItem"> <a id="categoryLink_1593093_2637681_2636729" onfocus="addBackgroundColourOnFocus(this)" onblur="removeBackgroundColourOnFocus(this)" aria-label="link" href="javascript:;" name="Supermenu:Health hub:Boots online doctor:testing services" title="testing services" class="menuLink categoryLinkItem anchorDataToggle" role="menuitem" data-toggle="subcategoryLink_1593093_2637681_2636729" tabindex="17"> <p class="categoryLinkOutput"><span class="menuItemLabel lowerLevelMenuListItem">testing services</span></p> </a> <span data-icon="5" aria-hidden="true" class="globalNavArrow"></span> <div id="subcategoryLink_1593093_2637681_2636729" class="subcategoryMenu" role="menu" data-parent="departmentMenu_1593093_2637681" style="top:0"> <ul id="subcategoryList" class="subcategoryList"> <li class="mobileNavBackButtons" onclick="toggle(document.getElementById(&quot;subcategoryLink_1593093_2637681_2636729&quot;)),setUpMobileBurgerMenu(this,&quot;subcategoryLink_1593093_2637681_2636729&quot;)"> <span data-icon="4" aria-hidden="true" class="mobileBackArrow"></span> <a class="mobileBackLink" tabindex="18"> <span class="menuItemLabel lowerLevelMenuListItem">testing services</span> </a> </li> <li> <a id="categoryLink_1593093_2637681_2636729" name="Supermenu:Health hub:Boots online doctor:View all testing services" onfocus="addBackgroundColourOnFocus(this)" onclick="analyticsJS.headObjectEventGtm(&quot;Health hub : Boots online doctor : visit testing services&quot;)" onblur="removeBackgroundColourOnFocus(this)" href="https://www.boots.com/onlinedoctor/visit-testing-services-" tabindex="18" class="viewAllHeader"> <p class="subcategoryLinkOutput"><span class="menuItemLabel lowerLevelMenuListItem">visit&nbsp;testing services</span></p> </a> </li> </ul> </div> </li> </ul> </div> </li> <li class="departmentMenuListItem"> <a id="departmentLink_1603704" onfocus="addBackgroundColourOnFocus(this)" onblur="removeBackgroundColourOnFocus(this)" name="Supermenu:Health hub:appointment booking" title="appointment booking" href="https://www.boots.com/appointment-booking" class="4 link menuLink departmentLinkItem anchorDataToggle" data-toggle="departmentList" onclick="analyticsJS.headObjectEventGtm(&quot;Health hub:appointment booking&quot;)" role="menuitem" tabindex="16" aria-label="link"> <p class="departmentLinkOutput"><span class="menuItemLabel lowerLevelMenuListItem">appointment booking</span></p> </a> <span data-icon="5" aria-hidden="true" class="globalNavArrow hide" id="departmenrGlobalNavArrow"></span> <div id="departmentMenu_1593093_1603704" class="departmentMenu departmentList" data-parent="departmentMenu" data-id="1603704" aria-label="appointment booking" style="top:65px" data-espot-show="ESpot_appointment-booking"> </div> </li> <li class="departmentMenuListItem"> <a id="departmentLink_1598850" onfocus="addBackgroundColourOnFocus(this)" onblur="removeBackgroundColourOnFocus(this)" name="Supermenu:Health hub:Winter Flu Jab Service" title="Winter Flu Jab Service" href="https://www.boots.com/flujab" class="5 link menuLink departmentLinkItem anchorDataToggle" data-toggle="departmentList" onclick="analyticsJS.headObjectEventGtm(&quot;Health hub:Winter Flu Jab Service&quot;)" role="menuitem" tabindex="16" aria-label="link"> <p class="departmentLinkOutput"><span class="menuItemLabel lowerLevelMenuListItem">Winter Flu Jab Service</span></p> </a> <span data-icon="5" aria-hidden="true" class="globalNavArrow hide" id="departmenrGlobalNavArrow"></span> <div id="departmentMenu_1593093_1598850" class="departmentMenu departmentList" data-parent="departmentMenu" data-id="1598850" aria-label="Winter Flu Jab Service" style="top:65px" data-espot-show="ESpot_flujab"> </div> </li> <li class="departmentMenuListItem"> <a id="departmentLink_1714678" onfocus="addBackgroundColourOnFocus(this)" onblur="removeBackgroundColourOnFocus(this)" name="Supermenu:Health hub:opticians" title="opticians" href="javascript:;" class="6 link menuLink departmentLinkItem anchorDataToggle" data-toggle="departmentMenu_1593093_1714678" role="menuitem" tabindex="16" aria-label="link, collapsed content"> <p class="departmentLinkOutput"><span class="menuItemLabel lowerLevelMenuListItem">opticians</span></p> </a> <span data-icon="5" aria-hidden="true" class="globalNavArrow" id="departmenrGlobalNavArrow"></span> <div id="departmentMenu_1593093_1714678" class="departmentMenu departmentList" role="menu" data-parent="departmentMenu" data-id="1714678" aria-label="opticians" style="top:65px" data-espot-show="ESpot_opticians-service"> <ul id="catergoryList" class="categoryList" data-parent="departmentMenu" data-toggle="departmentMenu_1593093_1714678" style="top:-65px"> <li class="mobileNavBackButtons" onclick="toggle(document.getElementById(&quot;departmentMenu_1593093_1714678&quot;)),setUpMobileBurgerMenu(this,&quot;catergoryList&quot;)"> <span data-icon="4" aria-hidden="true" class="mobileBackArrow"></span> <a class="mobileBackLink" tabindex="17"> <span class="menuItemLabel lowerLevelMenuListItem">opticians</span> </a> </li> <li class="categoryMenuListItem"> <a id="departmentLink_1714678_view_all" onfocus="addBackgroundColourOnFocus(this)" onblur="removeBackgroundColourOnFocus(this)" onclick="analyticsJS.headObjectEventGtm(&quot;Health hub : visit opticians&quot;)" name="Supermenu:Health hub:View all opticians" href="https://www.boots.com/opticians-service" class="viewAllHeader" role="menuitem" tabindex="17" data-toggle="subcategoryMenu"> <p class="categoryLinkOutput"><span class="menuItemLabel lowerLevelMenuListItem">visit&nbsp;opticians</span></p> </a> </li> <li class="categoryMenuListItem"> <a id="categoryLink_1593093_1714678_1598788" onfocus="addBackgroundColourOnFocus(this)" onblur="removeBackgroundColourOnFocus(this)" aria-label="link" href="https://www.boots.com/opticians-service/eyetest" name="Supermenu:Health hub:opticians:book an eye test" title="book an eye test" class="menuLink categoryLinkItem anchorDataToggle" role="menuitem" data-toggle="subcategoryMenu" onclick="analyticsJS.headObjectEventGtm(&quot;Health hub:opticians:book an eye test&quot;)" tabindex="17"> <p class="categoryLinkOutput"><span class="menuItemLabel lowerLevelMenuListItem">book an eye test</span></p> </a> <span data-icon="5" aria-hidden="true" class="globalNavArrow hide"></span> <div id="subcategoryLink_1593093_1714678_1598788" class="subcategoryMenu" data-parent="departmentMenu_1593093_1714678" style="top:0"> </div> </li> <li class="categoryMenuListItem"> <a id="categoryLink_1593093_1714678_2325179" onfocus="addBackgroundColourOnFocus(this)" onblur="removeBackgroundColourOnFocus(this)" aria-label="link" href="https://www.boots.com/opticians-service/opticians-complete-satisfaction-guarantee" name="Supermenu:Health hub:opticians:Complete Satisfaction Guarantee" title="Complete Satisfaction Guarantee" class="menuLink categoryLinkItem anchorDataToggle" role="menuitem" data-toggle="subcategoryMenu" onclick="analyticsJS.headObjectEventGtm(&quot;Health hub:opticians:Complete Satisfaction Guarantee&quot;)" tabindex="17"> <p class="categoryLinkOutput"><span class="menuItemLabel lowerLevelMenuListItem">Complete Satisfaction Guarantee</span></p> </a> <span data-icon="5" aria-hidden="true" class="globalNavArrow hide"></span> <div id="subcategoryLink_1593093_1714678_2325179" class="subcategoryMenu" data-parent="departmentMenu_1593093_1714678" style="top:0"> </div> </li> <li class="categoryMenuListItem"> <a id="categoryLink_1593093_1714678_2745183" onfocus="addBackgroundColourOnFocus(this)" onblur="removeBackgroundColourOnFocus(this)" aria-label="link" href="https://www.boots.com/opticians-service/opticians-glasses-cover-1" name="Supermenu:Health hub:opticians:Opticians Glasses Cover" title="Opticians Glasses Cover" class="menuLink categoryLinkItem anchorDataToggle" role="menuitem" data-toggle="subcategoryMenu" onclick="analyticsJS.headObjectEventGtm(&quot;Health hub:opticians:Opticians Glasses Cover&quot;)" tabindex="17"> <p class="categoryLinkOutput"><span class="menuItemLabel lowerLevelMenuListItem">Opticians Glasses Cover</span></p> </a> <span data-icon="5" aria-hidden="true" class="globalNavArrow hide"></span> <div id="subcategoryLink_1593093_1714678_2745183" class="subcategoryMenu" data-parent="departmentMenu_1593093_1714678" style="top:0"> </div> </li> <li class="categoryMenuListItem"> <a id="categoryLink_1593093_1714678_1598794" onfocus="addBackgroundColourOnFocus(this)" onblur="removeBackgroundColourOnFocus(this)" aria-label="link" href="https://www.boots.com/opticians-service/opticians-faqs" name="Supermenu:Health hub:opticians:opticians FAQs" title="opticians FAQs" class="menuLink categoryLinkItem anchorDataToggle" role="menuitem" data-toggle="subcategoryMenu" onclick="analyticsJS.headObjectEventGtm(&quot;Health hub:opticians:opticians FAQs&quot;)" tabindex="17"> <p class="categoryLinkOutput"><span class="menuItemLabel lowerLevelMenuListItem">opticians FAQs</span></p> </a> <span data-icon="5" aria-hidden="true" class="globalNavArrow hide"></span> <div id="subcategoryLink_1593093_1714678_1598794" class="subcategoryMenu" data-parent="departmentMenu_1593093_1714678" style="top:0"> </div> </li> <li class="categoryMenuListItem"> <a id="categoryLink_1593093_1714678_1623095" onfocus="addBackgroundColourOnFocus(this)" onblur="removeBackgroundColourOnFocus(this)" aria-label="link" href="https://www.boots.com/opticians-service/opticians-store-locator" name="Supermenu:Health hub:opticians:opticians store locator" title="opticians store locator" class="menuLink categoryLinkItem anchorDataToggle" role="menuitem" data-toggle="subcategoryMenu" onclick="analyticsJS.headObjectEventGtm(&quot;Health hub:opticians:opticians store locator&quot;)" tabindex="17"> <p class="categoryLinkOutput"><span class="menuItemLabel lowerLevelMenuListItem">opticians store locator</span></p> </a> <span data-icon="5" aria-hidden="true" class="globalNavArrow hide"></span> <div id="subcategoryLink_1593093_1714678_1623095" class="subcategoryMenu" data-parent="departmentMenu_1593093_1714678" style="top:0"> </div> </li> <li class="categoryMenuListItem"> <a id="categoryLink_1593093_1714678_1598795" onfocus="addBackgroundColourOnFocus(this)" onblur="removeBackgroundColourOnFocus(this)" aria-label="link" href="https://www.boots.com/opticians-service/opticians-terms-conditions" name="Supermenu:Health hub:opticians:opticians terms &amp; conditions" title="opticians terms &amp; conditions" class="menuLink categoryLinkItem anchorDataToggle" role="menuitem" data-toggle="subcategoryMenu" onclick="analyticsJS.headObjectEventGtm(&quot;Health hub:opticians:opticians terms &amp; conditions&quot;)" tabindex="17"> <p class="categoryLinkOutput"><span class="menuItemLabel lowerLevelMenuListItem">opticians terms &amp; conditions</span></p> </a> <span data-icon="5" aria-hidden="true" class="globalNavArrow hide"></span> <div id="subcategoryLink_1593093_1714678_1598795" class="subcategoryMenu" data-parent="departmentMenu_1593093_1714678" style="top:0"> </div> </li> </ul> </div> </li> <li class="departmentMenuListItem"> <a id="departmentLink_1598776" onfocus="addBackgroundColourOnFocus(this)" onblur="removeBackgroundColourOnFocus(this)" name="Supermenu:Health hub:hearingcare" title="hearingcare" href="https://www.boots.com/hearingcare" class="7 link menuLink departmentLinkItem anchorDataToggle" data-toggle="departmentList" onclick="analyticsJS.headObjectEventGtm(&quot;Health hub:hearingcare&quot;)" role="menuitem" tabindex="16" aria-label="link"> <p class="departmentLinkOutput"><span class="menuItemLabel lowerLevelMenuListItem">hearingcare</span></p> </a> <span data-icon="5" aria-hidden="true" class="globalNavArrow hide" id="departmenrGlobalNavArrow"></span> <div id="departmentMenu_1593093_1598776" class="departmentMenu departmentList" data-parent="departmentMenu" data-id="1598776" aria-label="hearingcare" style="top:65px" data-espot-show="ESpot_hearingcare"> </div> </li> <li class="departmentMenuListItem"> <a id="departmentLink_1598780" onfocus="addBackgroundColourOnFocus(this)" onblur="removeBackgroundColourOnFocus(this)" name="Supermenu:Health hub:Boots for business" title="Boots for business" href="javascript:;" class="8 link menuLink departmentLinkItem anchorDataToggle" data-toggle="departmentMenu_1593093_1598780" role="menuitem" tabindex="16" aria-label="link, collapsed content"> <p class="departmentLinkOutput"><span class="menuItemLabel lowerLevelMenuListItem">Boots for business</span></p> </a> <span data-icon="5" aria-hidden="true" class="globalNavArrow" id="departmenrGlobalNavArrow"></span> <div id="departmentMenu_1593093_1598780" class="departmentMenu departmentList" role="menu" data-parent="departmentMenu" data-id="1598780" aria-label="Boots for business" style="top:65px" data-espot-show="ESpot_boots-for-business"> <ul id="catergoryList" class="categoryList" data-parent="departmentMenu" data-toggle="departmentMenu_1593093_1598780" style="top:-65px"> <li class="mobileNavBackButtons" onclick="toggle(document.getElementById(&quot;departmentMenu_1593093_1598780&quot;)),setUpMobileBurgerMenu(this,&quot;catergoryList&quot;)"> <span data-icon="4" aria-hidden="true" class="mobileBackArrow"></span> <a class="mobileBackLink" tabindex="17"> <span class="menuItemLabel lowerLevelMenuListItem">Boots for business</span> </a> </li> <li class="categoryMenuListItem"> <a id="departmentLink_1598780_view_all" onfocus="addBackgroundColourOnFocus(this)" onblur="removeBackgroundColourOnFocus(this)" onclick="analyticsJS.headObjectEventGtm(&quot;Health hub : visit Boots for business&quot;)" name="Supermenu:Health hub:View all Boots for business" href="https://www.boots.com/boots-for-business" class="viewAllHeader" role="menuitem" tabindex="17" data-toggle="subcategoryMenu"> <p class="categoryLinkOutput"><span class="menuItemLabel lowerLevelMenuListItem">visit&nbsp;boots for business</span></p> </a> </li> <li class="categoryMenuListItem"> <a id="categoryLink_1593093_1598780_1598784" onfocus="addBackgroundColourOnFocus(this)" onblur="removeBackgroundColourOnFocus(this)" aria-label="link" href="https://www.boots.com/boots-for-business/corporate-flu-jab-service" name="Supermenu:Health hub:Boots for business:Corporate Flu Vaccination Service" title="Corporate Flu Vaccination Service" class="menuLink categoryLinkItem anchorDataToggle" role="menuitem" data-toggle="subcategoryMenu" onclick="analyticsJS.headObjectEventGtm(&quot;Health hub:Boots for business:Corporate Flu Vaccination Service&quot;)" tabindex="17"> <p class="categoryLinkOutput"><span class="menuItemLabel lowerLevelMenuListItem">Corporate Flu Vaccination Service</span></p> </a> <span data-icon="5" aria-hidden="true" class="globalNavArrow hide"></span> <div id="subcategoryLink_1593093_1598780_1598784" class="subcategoryMenu" data-parent="departmentMenu_1593093_1598780" style="top:0"> </div> </li> <li class="categoryMenuListItem"> <a id="categoryLink_1593093_1598780_2823692" onfocus="addBackgroundColourOnFocus(this)" onblur="removeBackgroundColourOnFocus(this)" aria-label="link" href="https://www.boots.com/boots-for-business/corporate-covid-19-lateral-flow-testing-service" name="Supermenu:Health hub:Boots for business:Corporate COVID-19 Lateral Flow Testing Service" title="Corporate COVID-19 Lateral Flow Testing Service" class="menuLink categoryLinkItem anchorDataToggle" role="menuitem" data-toggle="subcategoryMenu" onclick="analyticsJS.headObjectEventGtm(&quot;Health hub:Boots for business:Corporate COVID-19 Lateral Flow Testing Service&quot;)" tabindex="17"> <p class="categoryLinkOutput"><span class="menuItemLabel lowerLevelMenuListItem">Corporate COVID-19 Lateral Flow Testing Service</span></p> </a> <span data-icon="5" aria-hidden="true" class="globalNavArrow hide"></span> <div id="subcategoryLink_1593093_1598780_2823692" class="subcategoryMenu" data-parent="departmentMenu_1593093_1598780" style="top:0"> </div> </li> <li class="categoryMenuListItem"> <a id="categoryLink_1593093_1598780_3407188" onfocus="addBackgroundColourOnFocus(this)" onblur="removeBackgroundColourOnFocus(this)" aria-label="link" href="https://www.boots.com/boots-for-business/corporate-covid-19-service" name="Supermenu:Health hub:Boots for business:Corporate COVID-19 Vaccination Service" title="Corporate COVID-19 Vaccination Service" class="menuLink categoryLinkItem anchorDataToggle" role="menuitem" data-toggle="subcategoryMenu" onclick="analyticsJS.headObjectEventGtm(&quot;Health hub:Boots for business:Corporate COVID-19 Vaccination Service&quot;)" tabindex="17"> <p class="categoryLinkOutput"><span class="menuItemLabel lowerLevelMenuListItem">Corporate COVID-19 Vaccination Service</span></p> </a> <span data-icon="5" aria-hidden="true" class="globalNavArrow hide"></span> <div id="subcategoryLink_1593093_1598780_3407188" class="subcategoryMenu" data-parent="departmentMenu_1593093_1598780" style="top:0"> </div> </li> <li class="categoryMenuListItem"> <a id="categoryLink_1593093_1598780_2592199" onfocus="addBackgroundColourOnFocus(this)" onblur="removeBackgroundColourOnFocus(this)" aria-label="link" href="https://www.boots.com/boots-for-business/hepatitisa" name="Supermenu:Health hub:Boots for business:Corporate Hepatitis A Vaccination Service" title="Corporate Hepatitis A Vaccination Service" class="menuLink categoryLinkItem anchorDataToggle" role="menuitem" data-toggle="subcategoryMenu" onclick="analyticsJS.headObjectEventGtm(&quot;Health hub:Boots for business:Corporate Hepatitis A Vaccination Service&quot;)" tabindex="17"> <p class="categoryLinkOutput"><span class="menuItemLabel lowerLevelMenuListItem">Corporate Hepatitis A Vaccination Service</span></p> </a> <span data-icon="5" aria-hidden="true" class="globalNavArrow hide"></span> <div id="subcategoryLink_1593093_1598780_2592199" class="subcategoryMenu" data-parent="departmentMenu_1593093_1598780" style="top:0"> </div> </li> <li class="categoryMenuListItem"> <a id="categoryLink_1593093_1598780_2391694" onfocus="addBackgroundColourOnFocus(this)" onblur="removeBackgroundColourOnFocus(this)" aria-label="link" href="https://www.boots.com/boots-for-business/corporate-hepb" name="Supermenu:Health hub:Boots for business:Corporate Hepatitis B Vaccination Service" title="Corporate Hepatitis B Vaccination Service" class="menuLink categoryLinkItem anchorDataToggle" role="menuitem" data-toggle="subcategoryMenu" onclick="analyticsJS.headObjectEventGtm(&quot;Health hub:Boots for business:Corporate Hepatitis B Vaccination Service&quot;)" tabindex="17"> <p class="categoryLinkOutput"><span class="menuItemLabel lowerLevelMenuListItem">Corporate Hepatitis B Vaccination Service</span></p> </a> <span data-icon="5" aria-hidden="true" class="globalNavArrow hide"></span> <div id="subcategoryLink_1593093_1598780_2391694" class="subcategoryMenu" data-parent="departmentMenu_1593093_1598780" style="top:0"> </div> </li> <li class="categoryMenuListItem"> <a id="categoryLink_1593093_1598780_1969681" onfocus="addBackgroundColourOnFocus(this)" onblur="removeBackgroundColourOnFocus(this)" aria-label="link" href="https://www.boots.com/boots-for-business/pneumovac" name="Supermenu:Health hub:Boots for business:Corporate Pneumonia Vaccination Service" title="Corporate Pneumonia Vaccination Service" class="menuLink categoryLinkItem anchorDataToggle" role="menuitem" data-toggle="subcategoryMenu" onclick="analyticsJS.headObjectEventGtm(&quot;Health hub:Boots for business:Corporate Pneumonia Vaccination Service&quot;)" tabindex="17"> <p class="categoryLinkOutput"><span class="menuItemLabel lowerLevelMenuListItem">Corporate Pneumonia Vaccination Service</span></p> </a> <span data-icon="5" aria-hidden="true" class="globalNavArrow hide"></span> <div id="subcategoryLink_1593093_1598780_1969681" class="subcategoryMenu" data-parent="departmentMenu_1593093_1598780" style="top:0"> </div> </li> <li class="categoryMenuListItem"> <a id="categoryLink_1593093_1598780_1599112" onfocus="addBackgroundColourOnFocus(this)" onblur="removeBackgroundColourOnFocus(this)" aria-label="link" href="https://www.boots.com/boots-for-business/carehomeservices" name="Supermenu:Health hub:Boots for business:Boots Care Services" title="Boots Care Services" class="menuLink categoryLinkItem anchorDataToggle" role="menuitem" data-toggle="subcategoryMenu" onclick="analyticsJS.headObjectEventGtm(&quot;Health hub:Boots for business:Boots Care Services&quot;)" tabindex="17"> <p class="categoryLinkOutput"><span class="menuItemLabel lowerLevelMenuListItem">Boots Care Services</span></p> </a> <span data-icon="5" aria-hidden="true" class="globalNavArrow hide"></span> <div id="subcategoryLink_1593093_1598780_1599112" class="subcategoryMenu" data-parent="departmentMenu_1593093_1598780" style="top:0"> </div> </li> <li class="categoryMenuListItem"> <a id="categoryLink_1593093_1598780_2521183" onfocus="addBackgroundColourOnFocus(this)" onblur="removeBackgroundColourOnFocus(this)" aria-label="link" href="https://www.boots.com/boots-for-business/corporate-dtp" name="Supermenu:Health hub:Boots for business:Corporate DTP Vaccination Service" title="Corporate DTP Vaccination Service" class="menuLink categoryLinkItem anchorDataToggle" role="menuitem" data-toggle="subcategoryMenu" onclick="analyticsJS.headObjectEventGtm(&quot;Health hub:Boots for business:Corporate DTP Vaccination Service&quot;)" tabindex="17"> <p class="categoryLinkOutput"><span class="menuItemLabel lowerLevelMenuListItem">Corporate DTP Vaccination Service</span></p> </a> <span data-icon="5" aria-hidden="true" class="globalNavArrow hide"></span> <div id="subcategoryLink_1593093_1598780_2521183" class="subcategoryMenu" data-parent="departmentMenu_1593093_1598780" style="top:0"> </div> </li> <li class="categoryMenuListItem"> <a id="categoryLink_1593093_1598780_1598781" onfocus="addBackgroundColourOnFocus(this)" onblur="removeBackgroundColourOnFocus(this)" aria-label="link" href="https://www.boots.com/boots-for-business/corporatetravel" name="Supermenu:Health hub:Boots for business:corporate travel health" title="corporate travel health" class="menuLink categoryLinkItem anchorDataToggle" role="menuitem" data-toggle="subcategoryMenu" onclick="analyticsJS.headObjectEventGtm(&quot;Health hub:Boots for business:corporate travel health&quot;)" tabindex="17"> <p class="categoryLinkOutput"><span class="menuItemLabel lowerLevelMenuListItem">corporate travel health</span></p> </a> <span data-icon="5" aria-hidden="true" class="globalNavArrow hide"></span> <div id="subcategoryLink_1593093_1598780_1598781" class="subcategoryMenu" data-parent="departmentMenu_1593093_1598780" style="top:0"> </div> </li> <li class="categoryMenuListItem"> <a id="categoryLink_1593093_1598780_1598783" onfocus="addBackgroundColourOnFocus(this)" onblur="removeBackgroundColourOnFocus(this)" aria-label="link" href="https://www.boots.com/boots-for-business/hospitalpharmacy" name="Supermenu:Health hub:Boots for business:Hospital Outpatient Pharmacies" title="Hospital Outpatient Pharmacies" class="menuLink categoryLinkItem anchorDataToggle" role="menuitem" data-toggle="subcategoryMenu" onclick="analyticsJS.headObjectEventGtm(&quot;Health hub:Boots for business:Hospital Outpatient Pharmacies&quot;)" tabindex="17"> <p class="categoryLinkOutput"><span class="menuItemLabel lowerLevelMenuListItem">Hospital Outpatient Pharmacies</span></p> </a> <span data-icon="5" aria-hidden="true" class="globalNavArrow hide"></span> <div id="subcategoryLink_1593093_1598780_1598783" class="subcategoryMenu" data-parent="departmentMenu_1593093_1598780" style="top:0"> </div> </li> <li class="categoryMenuListItem"> <a id="categoryLink_1593093_1598780_2512186" onfocus="addBackgroundColourOnFocus(this)" onblur="removeBackgroundColourOnFocus(this)" aria-label="link" href="https://www.boots.com/boots-for-business/business-giftcards" name="Supermenu:Health hub:Boots for business:Corporate Giftcards" title="Corporate Giftcards" class="menuLink categoryLinkItem anchorDataToggle" role="menuitem" data-toggle="subcategoryMenu" onclick="analyticsJS.headObjectEventGtm(&quot;Health hub:Boots for business:Corporate Giftcards&quot;)" tabindex="17"> <p class="categoryLinkOutput"><span class="menuItemLabel lowerLevelMenuListItem">Corporate Giftcards</span></p> </a> <span data-icon="5" aria-hidden="true" class="globalNavArrow hide"></span> <div id="subcategoryLink_1593093_1598780_2512186" class="subcategoryMenu" data-parent="departmentMenu_1593093_1598780" style="top:0"> </div> </li> </ul> </div> </li> <li class="departmentMenuListItem"> <a id="departmentLink_1598797" onfocus="addBackgroundColourOnFocus(this)" onblur="removeBackgroundColourOnFocus(this)" name="Supermenu:Health hub:vaccinations &amp; travel" title="vaccinations &amp; travel" href="javascript:;" class="9 link menuLink departmentLinkItem anchorDataToggle" data-toggle="departmentMenu_1593093_1598797" role="menuitem" tabindex="16" aria-label="link, collapsed content"> <p class="departmentLinkOutput"><span class="menuItemLabel lowerLevelMenuListItem">vaccinations &amp; travel</span></p> </a> <span data-icon="5" aria-hidden="true" class="globalNavArrow" id="departmenrGlobalNavArrow"></span> <div id="departmentMenu_1593093_1598797" class="departmentMenu departmentList" role="menu" data-parent="departmentMenu" data-id="1598797" aria-label="vaccinations &amp; travel" style="top:65px" data-espot-show="ESpot_vaccinations"> <ul id="catergoryList" class="categoryList" data-parent="departmentMenu" data-toggle="departmentMenu_1593093_1598797" style="top:-65px"> <li class="mobileNavBackButtons" onclick="toggle(document.getElementById(&quot;departmentMenu_1593093_1598797&quot;)),setUpMobileBurgerMenu(this,&quot;catergoryList&quot;)"> <span data-icon="4" aria-hidden="true" class="mobileBackArrow"></span> <a class="mobileBackLink" tabindex="17"> <span class="menuItemLabel lowerLevelMenuListItem">vaccinations &amp; travel</span> </a> </li> <li class="categoryMenuListItem"> <a id="departmentLink_1598797_view_all" onfocus="addBackgroundColourOnFocus(this)" onblur="removeBackgroundColourOnFocus(this)" onclick="analyticsJS.headObjectEventGtm(&quot;Health hub : visit vaccinations &amp; travel&quot;)" name="Supermenu:Health hub:View all vaccinations &amp; travel" href="https://www.boots.com/vaccinations" class="viewAllHeader" role="menuitem" tabindex="17" data-toggle="subcategoryMenu"> <p class="categoryLinkOutput"><span class="menuItemLabel lowerLevelMenuListItem">visit&nbsp;vaccinations &amp; travel</span></p> </a> </li> <li class="categoryMenuListItem"> <a id="categoryLink_1593093_1598797_3239182" onfocus="addBackgroundColourOnFocus(this)" onblur="removeBackgroundColourOnFocus(this)" aria-label="link" href="https://www.boots.com/vaccinations/private-covid-vaccination" name="Supermenu:Health hub:vaccinations &amp; travel:private covid 19 vaccination" title="private covid 19 vaccination" class="menuLink categoryLinkItem anchorDataToggle" role="menuitem" data-toggle="subcategoryMenu" onclick="analyticsJS.headObjectEventGtm(&quot;Health hub:vaccinations &amp; travel:private covid 19 vaccination&quot;)" tabindex="17"> <p class="categoryLinkOutput"><span class="menuItemLabel lowerLevelMenuListItem">private covid 19 vaccination</span></p> </a> <span data-icon="5" aria-hidden="true" class="globalNavArrow hide"></span> <div id="subcategoryLink_1593093_1598797_3239182" class="subcategoryMenu" data-parent="departmentMenu_1593093_1598797" style="top:0"> </div> </li> <li class="categoryMenuListItem"> <a id="categoryLink_1593093_1598797_1598850" onfocus="addBackgroundColourOnFocus(this)" onblur="removeBackgroundColourOnFocus(this)" aria-label="link" href="https://www.boots.com/vaccinations/flujab" name="Supermenu:Health hub:vaccinations &amp; travel:Winter Flu Jab Service" title="Winter Flu Jab Service" class="menuLink categoryLinkItem anchorDataToggle" role="menuitem" data-toggle="subcategoryMenu" onclick="analyticsJS.headObjectEventGtm(&quot;Health hub:vaccinations &amp; travel:Winter Flu Jab Service&quot;)" tabindex="17"> <p class="categoryLinkOutput"><span class="menuItemLabel lowerLevelMenuListItem">Winter Flu Jab Service</span></p> </a> <span data-icon="5" aria-hidden="true" class="globalNavArrow hide"></span> <div id="subcategoryLink_1593093_1598797_1598850" class="subcategoryMenu" data-parent="departmentMenu_1593093_1598797" style="top:0"> </div> </li> <li class="categoryMenuListItem"> <a id="categoryLink_1593093_1598797_1598847" onfocus="addBackgroundColourOnFocus(this)" onblur="removeBackgroundColourOnFocus(this)" aria-label="link" href="https://www.boots.com/vaccinations/travel-vaccination-health-advice-service" name="Supermenu:Health hub:vaccinations &amp; travel:travel vaccinations" title="travel vaccinations" class="menuLink categoryLinkItem anchorDataToggle" role="menuitem" data-toggle="subcategoryMenu" onclick="analyticsJS.headObjectEventGtm(&quot;Health hub:vaccinations &amp; travel:travel vaccinations&quot;)" tabindex="17"> <p class="categoryLinkOutput"><span class="menuItemLabel lowerLevelMenuListItem">travel vaccinations</span></p> </a> <span data-icon="5" aria-hidden="true" class="globalNavArrow hide"></span> <div id="subcategoryLink_1593093_1598797_1598847" class="subcategoryMenu" data-parent="departmentMenu_1593093_1598797" style="top:0"> </div> </li> <li class="categoryMenuListItem"> <a id="categoryLink_1593093_1598797_1918179" onfocus="addBackgroundColourOnFocus(this)" onblur="removeBackgroundColourOnFocus(this)" aria-label="link" href="https://www.boots.com/vaccinations/chickenpox-vaccination-service" name="Supermenu:Health hub:vaccinations &amp; travel:Chickenpox Vaccination Service" title="Chickenpox Vaccination Service" class="menuLink categoryLinkItem anchorDataToggle" role="menuitem" data-toggle="subcategoryMenu" onclick="analyticsJS.headObjectEventGtm(&quot;Health hub:vaccinations &amp; travel:Chickenpox Vaccination Service&quot;)" tabindex="17"> <p class="categoryLinkOutput"><span class="menuItemLabel lowerLevelMenuListItem">Chickenpox Vaccination Service</span></p> </a> <span data-icon="5" aria-hidden="true" class="globalNavArrow hide"></span> <div id="subcategoryLink_1593093_1598797_1918179" class="subcategoryMenu" data-parent="departmentMenu_1593093_1598797" style="top:0"> </div> </li> <li class="categoryMenuListItem"> <a id="categoryLink_1593093_1598797_1711185" onfocus="addBackgroundColourOnFocus(this)" onblur="removeBackgroundColourOnFocus(this)" aria-label="link" href="https://www.boots.com/vaccinations/hpv" name="Supermenu:Health hub:vaccinations &amp; travel:HPV Vaccination Service" title="HPV Vaccination Service" class="menuLink categoryLinkItem anchorDataToggle" role="menuitem" data-toggle="subcategoryMenu" onclick="analyticsJS.headObjectEventGtm(&quot;Health hub:vaccinations &amp; travel:HPV Vaccination Service&quot;)" tabindex="17"> <p class="categoryLinkOutput"><span class="menuItemLabel lowerLevelMenuListItem">HPV Vaccination Service</span></p> </a> <span data-icon="5" aria-hidden="true" class="globalNavArrow hide"></span> <div id="subcategoryLink_1593093_1598797_1711185" class="subcategoryMenu" data-parent="departmentMenu_1593093_1598797" style="top:0"> </div> </li> <li class="categoryMenuListItem"> <a id="categoryLink_1593093_1598797_1672596" onfocus="addBackgroundColourOnFocus(this)" onblur="removeBackgroundColourOnFocus(this)" aria-label="link" href="https://www.boots.com/vaccinations/pneumonia-vaccination-service" name="Supermenu:Health hub:vaccinations &amp; travel:Pneumonia Vaccination Service" title="Pneumonia Vaccination Service" class="menuLink categoryLinkItem anchorDataToggle" role="menuitem" data-toggle="subcategoryMenu" onclick="analyticsJS.headObjectEventGtm(&quot;Health hub:vaccinations &amp; travel:Pneumonia Vaccination Service&quot;)" tabindex="17"> <p class="categoryLinkOutput"><span class="menuItemLabel lowerLevelMenuListItem">Pneumonia Vaccination Service</span></p> </a> <span data-icon="5" aria-hidden="true" class="globalNavArrow hide"></span> <div id="subcategoryLink_1593093_1598797_1672596" class="subcategoryMenu" data-parent="departmentMenu_1593093_1598797" style="top:0"> </div> </li> <li class="categoryMenuListItem"> <a id="categoryLink_1593093_1598797_2805189" onfocus="addBackgroundColourOnFocus(this)" onblur="removeBackgroundColourOnFocus(this)" aria-label="link" href="https://www.boots.com/vaccinations/shingles-vaccination-service" name="Supermenu:Health hub:vaccinations &amp; travel:Shingles Vaccination Service" title="Shingles Vaccination Service" class="menuLink categoryLinkItem anchorDataToggle" role="menuitem" data-toggle="subcategoryMenu" onclick="analyticsJS.headObjectEventGtm(&quot;Health hub:vaccinations &amp; travel:Shingles Vaccination Service&quot;)" tabindex="17"> <p class="categoryLinkOutput"><span class="menuItemLabel lowerLevelMenuListItem">Shingles Vaccination Service</span></p> </a> <span data-icon="5" aria-hidden="true" class="globalNavArrow hide"></span> <div id="subcategoryLink_1593093_1598797_2805189" class="subcategoryMenu" data-parent="departmentMenu_1593093_1598797" style="top:0"> </div> </li> <li class="categoryMenuListItem"> <a id="categoryLink_1593093_1598797_1598849" onfocus="addBackgroundColourOnFocus(this)" onblur="removeBackgroundColourOnFocus(this)" aria-label="link" href="javascript:;" name="Supermenu:Health hub:vaccinations &amp; travel:MenB Vaccination Service" title="MenB Vaccination Service" class="menuLink categoryLinkItem anchorDataToggle" role="menuitem" data-toggle="subcategoryLink_1593093_1598797_1598849" tabindex="17"> <p class="categoryLinkOutput"><span class="menuItemLabel lowerLevelMenuListItem">MenB Vaccination Service</span></p> </a> <span data-icon="5" aria-hidden="true" class="globalNavArrow"></span> <div id="subcategoryLink_1593093_1598797_1598849" class="subcategoryMenu" role="menu" data-parent="departmentMenu_1593093_1598797" style="top:0"> <ul id="subcategoryList" class="subcategoryList"> <li class="mobileNavBackButtons" onclick="toggle(document.getElementById(&quot;subcategoryLink_1593093_1598797_1598849&quot;)),setUpMobileBurgerMenu(this,&quot;subcategoryLink_1593093_1598797_1598849&quot;)"> <span data-icon="4" aria-hidden="true" class="mobileBackArrow"></span> <a class="mobileBackLink" tabindex="18"> <span class="menuItemLabel lowerLevelMenuListItem">MenB Vaccination Service</span> </a> </li> <li> <a id="categoryLink_1593093_1598797_1598849" name="Supermenu:Health hub:vaccinations &amp; travel:View all MenB Vaccination Service" onfocus="addBackgroundColourOnFocus(this)" onclick="analyticsJS.headObjectEventGtm(&quot;Health hub : vaccinations &amp; travel : visit MenB Vaccination Service&quot;)" onblur="removeBackgroundColourOnFocus(this)" href="https://www.boots.com/vaccinations/meningitis-b" tabindex="18" class="viewAllHeader"> <p class="subcategoryLinkOutput"><span class="menuItemLabel lowerLevelMenuListItem">visit&nbsp;menb vaccination service</span></p> </a> </li> </ul> </div> </li> <li class="categoryMenuListItem"> <a id="categoryLink_1593093_1598797_1635591" onfocus="addBackgroundColourOnFocus(this)" onblur="removeBackgroundColourOnFocus(this)" aria-label="link" href="https://www.boots.com/vaccinations/malaria-prevention-service" name="Supermenu:Health hub:vaccinations &amp; travel:Malaria Prevention Service" title="Malaria Prevention Service" class="menuLink categoryLinkItem anchorDataToggle" role="menuitem" data-toggle="subcategoryMenu" onclick="analyticsJS.headObjectEventGtm(&quot;Health hub:vaccinations &amp; travel:Malaria Prevention Service&quot;)" tabindex="17"> <p class="categoryLinkOutput"><span class="menuItemLabel lowerLevelMenuListItem">Malaria Prevention Service</span></p> </a> <span data-icon="5" aria-hidden="true" class="globalNavArrow hide"></span> <div id="subcategoryLink_1593093_1598797_1635591" class="subcategoryMenu" data-parent="departmentMenu_1593093_1598797" style="top:0"> </div> </li> <li class="categoryMenuListItem"> <a id="categoryLink_1593093_1598797_1599090" onfocus="addBackgroundColourOnFocus(this)" onblur="removeBackgroundColourOnFocus(this)" aria-label="link" href="https://www.boots.com/vaccinations/travel-vaccination-quick-check-tool" name="Supermenu:Health hub:vaccinations &amp; travel:Travel Vaccination Quick Check Tool" title="Travel Vaccination Quick Check Tool" class="menuLink categoryLinkItem anchorDataToggle" role="menuitem" data-toggle="subcategoryMenu" onclick="analyticsJS.headObjectEventGtm(&quot;Health hub:vaccinations &amp; travel:Travel Vaccination Quick Check Tool&quot;)" tabindex="17"> <p class="categoryLinkOutput"><span class="menuItemLabel lowerLevelMenuListItem">Travel Vaccination Quick Check Tool</span></p> </a> <span data-icon="5" aria-hidden="true" class="globalNavArrow hide"></span> <div id="subcategoryLink_1593093_1598797_1599090" class="subcategoryMenu" data-parent="departmentMenu_1593093_1598797" style="top:0"> </div> </li> <li class="categoryMenuListItem"> <a id="categoryLink_1593093_1598797_3055186" onfocus="addBackgroundColourOnFocus(this)" onblur="removeBackgroundColourOnFocus(this)" aria-label="link" href="https://www.boots.com/vaccinations/england-covid-19-spring-booster-vaccination-service" name="Supermenu:Health hub:vaccinations &amp; travel:England COVID-19 spring booster vaccination service" title="England COVID-19 spring booster vaccination service" class="menuLink categoryLinkItem anchorDataToggle" role="menuitem" data-toggle="subcategoryMenu" onclick="analyticsJS.headObjectEventGtm(&quot;Health hub:vaccinations &amp; travel:England COVID-19 spring booster vaccination service&quot;)" tabindex="17"> <p class="categoryLinkOutput"><span class="menuItemLabel lowerLevelMenuListItem">England COVID-19 spring booster vaccination service</span></p> </a> <span data-icon="5" aria-hidden="true" class="globalNavArrow hide"></span> <div id="subcategoryLink_1593093_1598797_3055186" class="subcategoryMenu" data-parent="departmentMenu_1593093_1598797" style="top:0"> </div> </li> <li class="categoryMenuListItem"> <a id="categoryLink_1593093_1598797_2613184" onfocus="addBackgroundColourOnFocus(this)" onblur="removeBackgroundColourOnFocus(this)" aria-label="link" href="https://www.boots.com/vaccinations/NI-COVID19-vaccination-service" name="Supermenu:Health hub:vaccinations &amp; travel:Northern Ireland Covid Vaccination Service" title="Northern Ireland Covid Vaccination Service" class="menuLink categoryLinkItem anchorDataToggle" role="menuitem" data-toggle="subcategoryMenu" onclick="analyticsJS.headObjectEventGtm(&quot;Health hub:vaccinations &amp; travel:Northern Ireland Covid Vaccination Service&quot;)" tabindex="17"> <p class="categoryLinkOutput"><span class="menuItemLabel lowerLevelMenuListItem">Northern Ireland Covid Vaccination Service</span></p> </a> <span data-icon="5" aria-hidden="true" class="globalNavArrow hide"></span> <div id="subcategoryLink_1593093_1598797_2613184" class="subcategoryMenu" data-parent="departmentMenu_1593093_1598797" style="top:0"> </div> </li> </ul> </div> </li> <li class="departmentMenuListItem"> <a id="departmentLink_3308683" onfocus="addBackgroundColourOnFocus(this)" onblur="removeBackgroundColourOnFocus(this)" name="Supermenu:Health hub:clinical trials" title="clinical trials" href="https://www.boots.com/clinical-research" class="10 link menuLink departmentLinkItem anchorDataToggle" data-toggle="departmentList" onclick="analyticsJS.headObjectEventGtm(&quot;Health hub:clinical trials&quot;)" role="menuitem" tabindex="16" aria-label="link"> <p class="departmentLinkOutput"><span class="menuItemLabel lowerLevelMenuListItem">clinical trials</span></p> </a> <span data-icon="5" aria-hidden="true" class="globalNavArrow hide" id="departmenrGlobalNavArrow"></span> <div id="departmentMenu_1593093_3308683" class="departmentMenu departmentList" data-parent="departmentMenu" data-id="3308683" aria-label="clinical trials" style="top:65px" data-espot-show="ESpot_clinical-research"> </div> </li> <li class="departmentMenuListItem"> <a id="departmentLink_1598801" onfocus="addBackgroundColourOnFocus(this)" onblur="removeBackgroundColourOnFocus(this)" name="Supermenu:Health hub:macmillan &amp; cancer support" title="macmillan &amp; cancer support" href="javascript:;" class="11 link menuLink departmentLinkItem anchorDataToggle" data-toggle="departmentMenu_1593093_1598801" role="menuitem" tabindex="16" aria-label="link, collapsed content"> <p class="departmentLinkOutput"><span class="menuItemLabel lowerLevelMenuListItem">macmillan &amp; cancer support</span></p> </a> <span data-icon="5" aria-hidden="true" class="globalNavArrow" id="departmenrGlobalNavArrow"></span> <div id="departmentMenu_1593093_1598801" class="departmentMenu departmentList" role="menu" data-parent="departmentMenu" data-id="1598801" aria-label="macmillan &amp; cancer support" style="top:65px" data-espot-show="ESpot_macmillan"> <ul id="catergoryList" class="categoryList" data-parent="departmentMenu" data-toggle="departmentMenu_1593093_1598801" style="top:-65px"> <li class="mobileNavBackButtons" onclick="toggle(document.getElementById(&quot;departmentMenu_1593093_1598801&quot;)),setUpMobileBurgerMenu(this,&quot;catergoryList&quot;)"> <span data-icon="4" aria-hidden="true" class="mobileBackArrow"></span> <a class="mobileBackLink" tabindex="17"> <span class="menuItemLabel lowerLevelMenuListItem">macmillan &amp; cancer support</span> </a> </li> <li class="categoryMenuListItem"> <a id="departmentLink_1598801_view_all" onfocus="addBackgroundColourOnFocus(this)" onblur="removeBackgroundColourOnFocus(this)" onclick="analyticsJS.headObjectEventGtm(&quot;Health hub : visit macmillan &amp; cancer support&quot;)" name="Supermenu:Health hub:View all macmillan &amp; cancer support" href="https://www.boots.com/macmillan" class="viewAllHeader" role="menuitem" tabindex="17" data-toggle="subcategoryMenu"> <p class="categoryLinkOutput"><span class="menuItemLabel lowerLevelMenuListItem">visit&nbsp;macmillan &amp; cancer support</span></p> </a> </li> <li class="categoryMenuListItem"> <a id="categoryLink_1593093_1598801_1598821" onfocus="addBackgroundColourOnFocus(this)" onblur="removeBackgroundColourOnFocus(this)" aria-label="link" href="https://www.boots.com/macmillan/feelmorelikeyou" name="Supermenu:Health hub:macmillan &amp; cancer support:Boots Macmillan Beauty Advisors" title="Boots Macmillan Beauty Advisors" class="menuLink categoryLinkItem anchorDataToggle" role="menuitem" data-toggle="subcategoryMenu" onclick="analyticsJS.headObjectEventGtm(&quot;Health hub:macmillan &amp; cancer support:Boots Macmillan Beauty Advisors&quot;)" tabindex="17"> <p class="categoryLinkOutput"><span class="menuItemLabel lowerLevelMenuListItem">Boots Macmillan Beauty Advisors</span></p> </a> <span data-icon="5" aria-hidden="true" class="globalNavArrow hide"></span> <div id="subcategoryLink_1593093_1598801_1598821" class="subcategoryMenu" data-parent="departmentMenu_1593093_1598801" style="top:0"> </div> </li> <li class="categoryMenuListItem"> <a id="categoryLink_1593093_1598801_1598822" onfocus="addBackgroundColourOnFocus(this)" onblur="removeBackgroundColourOnFocus(this)" aria-label="link" href="https://www.boots.com/macmillan/boots-macmillan-information-pharmacist" name="Supermenu:Health hub:macmillan &amp; cancer support:Boots Macmillan Information Pharmacist" title="Boots Macmillan Information Pharmacist" class="menuLink categoryLinkItem anchorDataToggle" role="menuitem" data-toggle="subcategoryMenu" onclick="analyticsJS.headObjectEventGtm(&quot;Health hub:macmillan &amp; cancer support:Boots Macmillan Information Pharmacist&quot;)" tabindex="17"> <p class="categoryLinkOutput"><span class="menuItemLabel lowerLevelMenuListItem">Boots Macmillan Information Pharmacist</span></p> </a> <span data-icon="5" aria-hidden="true" class="globalNavArrow hide"></span> <div id="subcategoryLink_1593093_1598801_1598822" class="subcategoryMenu" data-parent="departmentMenu_1593093_1598801" style="top:0"> </div> </li> <li class="categoryMenuListItem"> <a id="categoryLink_1593093_1598801_1598826" onfocus="addBackgroundColourOnFocus(this)" onblur="removeBackgroundColourOnFocus(this)" aria-label="link" href="https://www.boots.com/macmillan/support-charity-fundraising-ideas" name="Supermenu:Health hub:macmillan &amp; cancer support:Support &amp; Charity Fundraising" title="Support &amp; Charity Fundraising" class="menuLink categoryLinkItem anchorDataToggle" role="menuitem" data-toggle="subcategoryMenu" onclick="analyticsJS.headObjectEventGtm(&quot;Health hub:macmillan &amp; cancer support:Support &amp; Charity Fundraising&quot;)" tabindex="17"> <p class="categoryLinkOutput"><span class="menuItemLabel lowerLevelMenuListItem">Support &amp; Charity Fundraising</span></p> </a> <span data-icon="5" aria-hidden="true" class="globalNavArrow hide"></span> <div id="subcategoryLink_1593093_1598801_1598826" class="subcategoryMenu" data-parent="departmentMenu_1593093_1598801" style="top:0"> </div> </li> </ul> </div> </li> </ul> </div> </li>  <li class="topLevelMenuListItem"> <a id="topLevelLink_1597113" name="Supermenu:Inspire Me" title="Inspire Me" aria-label="Inspire Me link, collapsed content" href="#" class="3 departmentButton anchorDataToggle" role="menuitem" aria-haspopup="true" data-toggle="topLevelMenu_1597113" tabindex="19"> <span class="menuItemLabel">Inspire Me </span> </a> <span data-icon="5" aria-hidden="true" class="globalNavArrow topLevelMenuMobileArrow"></span> <div id="topLevelMenu_1597113" class="departmentMenu topLevelMenu"> <ul id="departmentMenu" role="menu" data-parent="topLevelMenu"> <li class="mobileNavBackButtons" onclick="toggle(document.getElementById(&quot;departmentMenu&quot;)),setUpMobileBurgerMenu(this,&quot;departmentMenu&quot;),deactivate(document.getElementById(&quot;topLevelMenu_1597113&quot;))"> <span data-icon="4" aria-hidden="true" class="mobileBackArrow"></span> <a id="departmentLink_backButtons" class="mobileBackLink" tabindex="20"> <span class="menuItemLabel lowerLevelMenuListItem">Inspire Me</span> </a> </li> <li class="departmentMenuListItem"> <a id="departmentLink_2692228" onfocus="addBackgroundColourOnFocus(this)" onblur="removeBackgroundColourOnFocus(this)" name="Supermenu:Inspire Me:Health &amp; Beauty" title="Health &amp; Beauty" href="https://www.boots.com/health-and-beauty" class="0 link menuLink departmentLinkItem anchorDataToggle" data-toggle="departmentList" onclick="analyticsJS.headObjectEventGtm(&quot;Inspire Me:Health &amp; Beauty&quot;)" role="menuitem" tabindex="20" aria-label="link"> <p class="departmentLinkOutput"><span class="menuItemLabel lowerLevelMenuListItem">Health &amp; Beauty</span></p> </a> <span data-icon="5" aria-hidden="true" class="globalNavArrow hide" id="departmenrGlobalNavArrow"></span> <div id="departmentMenu_1597113_2692228" class="departmentMenu departmentList" data-parent="departmentMenu" data-id="2692228" aria-label="Health &amp; Beauty" style="top:65px" data-espot-show="ESpot_health-and-beauty"> </div> </li> <li class="departmentMenuListItem"> <a id="departmentLink_1598860" onfocus="addBackgroundColourOnFocus(this)" onblur="removeBackgroundColourOnFocus(this)" name="Supermenu:Inspire Me:beauty &amp; skincare" title="beauty &amp; skincare" href="javascript:;" class="1 link menuLink departmentLinkItem anchorDataToggle" data-toggle="departmentMenu_1597113_1598860" role="menuitem" tabindex="20" aria-label="link, collapsed content"> <p class="departmentLinkOutput"><span class="menuItemLabel lowerLevelMenuListItem">beauty &amp; skincare</span></p> </a> <span data-icon="5" aria-hidden="true" class="globalNavArrow" id="departmenrGlobalNavArrow"></span> <div id="departmentMenu_1597113_1598860" class="departmentMenu departmentList" role="menu" data-parent="departmentMenu" data-id="1598860" aria-label="beauty &amp; skincare" style="top:65px" data-espot-show="ESpot_skincare-beauty-advice"> <ul id="catergoryList" class="categoryList" data-parent="departmentMenu" data-toggle="departmentMenu_1597113_1598860" style="top:-65px"> <li class="mobileNavBackButtons" onclick="toggle(document.getElementById(&quot;departmentMenu_1597113_1598860&quot;)),setUpMobileBurgerMenu(this,&quot;catergoryList&quot;)"> <span data-icon="4" aria-hidden="true" class="mobileBackArrow"></span> <a class="mobileBackLink" tabindex="21"> <span class="menuItemLabel lowerLevelMenuListItem">beauty &amp; skincare</span> </a> </li> <li class="categoryMenuListItem"> <a id="departmentLink_1598860_view_all" onfocus="addBackgroundColourOnFocus(this)" onblur="removeBackgroundColourOnFocus(this)" onclick="analyticsJS.headObjectEventGtm(&quot;Inspire Me : visit beauty &amp; skincare&quot;)" name="Supermenu:Inspire Me:View all beauty &amp; skincare" href="https://www.boots.com/skincare-beauty-advice" class="viewAllHeader" role="menuitem" tabindex="21" data-toggle="subcategoryMenu"> <p class="categoryLinkOutput"><span class="menuItemLabel lowerLevelMenuListItem">visit&nbsp;beauty &amp; skincare</span></p> </a> </li> <li class="categoryMenuListItem"> <a id="categoryLink_1597113_1598860_1951186" onfocus="addBackgroundColourOnFocus(this)" onblur="removeBackgroundColourOnFocus(this)" aria-label="link" href="javascript:;" name="Supermenu:Inspire Me:beauty &amp; skincare:beauty edits" title="beauty edits" class="menuLink categoryLinkItem anchorDataToggle" role="menuitem" data-toggle="subcategoryLink_1597113_1598860_1951186" tabindex="21"> <p class="categoryLinkOutput"><span class="menuItemLabel lowerLevelMenuListItem">beauty edits</span></p> </a> <span data-icon="5" aria-hidden="true" class="globalNavArrow"></span> <div id="subcategoryLink_1597113_1598860_1951186" class="subcategoryMenu" role="menu" data-parent="departmentMenu_1597113_1598860" style="top:0"> <ul id="subcategoryList" class="subcategoryList"> <li class="mobileNavBackButtons" onclick="toggle(document.getElementById(&quot;subcategoryLink_1597113_1598860_1951186&quot;)),setUpMobileBurgerMenu(this,&quot;subcategoryLink_1597113_1598860_1951186&quot;)"> <span data-icon="4" aria-hidden="true" class="mobileBackArrow"></span> <a class="mobileBackLink" tabindex="22"> <span class="menuItemLabel lowerLevelMenuListItem">beauty edits</span> </a> </li> <li> <a id="categoryLink_1597113_1598860_1951186" name="Supermenu:Inspire Me:beauty &amp; skincare:View all beauty edits" onfocus="addBackgroundColourOnFocus(this)" onclick="analyticsJS.headObjectEventGtm(&quot;Inspire Me : beauty &amp; skincare : visit beauty edits&quot;)" onblur="removeBackgroundColourOnFocus(this)" href="https://www.boots.com/skincare-beauty-advice/beauty-edits" tabindex="22" class="viewAllHeader"> <p class="subcategoryLinkOutput"><span class="menuItemLabel lowerLevelMenuListItem">visit&nbsp;beauty edits</span></p> </a> </li> </ul> </div> </li> <li class="categoryMenuListItem"> <a id="categoryLink_1597113_1598860_1849679" onfocus="addBackgroundColourOnFocus(this)" onblur="removeBackgroundColourOnFocus(this)" aria-label="link" href="javascript:;" name="Supermenu:Inspire Me:beauty &amp; skincare:fake tan" title="fake tan" class="menuLink categoryLinkItem anchorDataToggle" role="menuitem" data-toggle="subcategoryLink_1597113_1598860_1849679" tabindex="21"> <p class="categoryLinkOutput"><span class="menuItemLabel lowerLevelMenuListItem">fake tan</span></p> </a> <span data-icon="5" aria-hidden="true" class="globalNavArrow"></span> <div id="subcategoryLink_1597113_1598860_1849679" class="subcategoryMenu" role="menu" data-parent="departmentMenu_1597113_1598860" style="top:0"> <ul id="subcategoryList" class="subcategoryList"> <li class="mobileNavBackButtons" onclick="toggle(document.getElementById(&quot;subcategoryLink_1597113_1598860_1849679&quot;)),setUpMobileBurgerMenu(this,&quot;subcategoryLink_1597113_1598860_1849679&quot;)"> <span data-icon="4" aria-hidden="true" class="mobileBackArrow"></span> <a class="mobileBackLink" tabindex="22"> <span class="menuItemLabel lowerLevelMenuListItem">fake tan</span> </a> </li> <li> <a id="categoryLink_1597113_1598860_1849679" name="Supermenu:Inspire Me:beauty &amp; skincare:View all fake tan" onfocus="addBackgroundColourOnFocus(this)" onclick="analyticsJS.headObjectEventGtm(&quot;Inspire Me : beauty &amp; skincare : visit fake tan&quot;)" onblur="removeBackgroundColourOnFocus(this)" href="https://www.boots.com/skincare-beauty-advice/fake-tan-advice" tabindex="22" class="viewAllHeader"> <p class="subcategoryLinkOutput"><span class="menuItemLabel lowerLevelMenuListItem">visit&nbsp;fake tan</span></p> </a> </li> </ul> </div> </li> <li class="categoryMenuListItem"> <a id="categoryLink_1597113_1598860_1733178" onfocus="addBackgroundColourOnFocus(this)" onblur="removeBackgroundColourOnFocus(this)" aria-label="link" href="javascript:;" name="Supermenu:Inspire Me:beauty &amp; skincare:hair" title="hair" class="menuLink categoryLinkItem anchorDataToggle" role="menuitem" data-toggle="subcategoryLink_1597113_1598860_1733178" tabindex="21"> <p class="categoryLinkOutput"><span class="menuItemLabel lowerLevelMenuListItem">hair</span></p> </a> <span data-icon="5" aria-hidden="true" class="globalNavArrow"></span> <div id="subcategoryLink_1597113_1598860_1733178" class="subcategoryMenu" role="menu" data-parent="departmentMenu_1597113_1598860" style="top:0"> <ul id="subcategoryList" class="subcategoryList"> <li class="mobileNavBackButtons" onclick="toggle(document.getElementById(&quot;subcategoryLink_1597113_1598860_1733178&quot;)),setUpMobileBurgerMenu(this,&quot;subcategoryLink_1597113_1598860_1733178&quot;)"> <span data-icon="4" aria-hidden="true" class="mobileBackArrow"></span> <a class="mobileBackLink" tabindex="22"> <span class="menuItemLabel lowerLevelMenuListItem">hair</span> </a> </li> <li> <a id="categoryLink_1597113_1598860_1733178" name="Supermenu:Inspire Me:beauty &amp; skincare:View all hair" onfocus="addBackgroundColourOnFocus(this)" onclick="analyticsJS.headObjectEventGtm(&quot;Inspire Me : beauty &amp; skincare : visit hair&quot;)" onblur="removeBackgroundColourOnFocus(this)" href="https://www.boots.com/skincare-beauty-advice/hair-advice" tabindex="22" class="viewAllHeader"> <p class="subcategoryLinkOutput"><span class="menuItemLabel lowerLevelMenuListItem">visit&nbsp;hair</span></p> </a> </li> </ul> </div> </li> <li class="categoryMenuListItem"> <a id="categoryLink_1597113_1598860_1849681" onfocus="addBackgroundColourOnFocus(this)" onblur="removeBackgroundColourOnFocus(this)" aria-label="link" href="javascript:;" name="Supermenu:Inspire Me:beauty &amp; skincare:hair removal" title="hair removal" class="menuLink categoryLinkItem anchorDataToggle" role="menuitem" data-toggle="subcategoryLink_1597113_1598860_1849681" tabindex="21"> <p class="categoryLinkOutput"><span class="menuItemLabel lowerLevelMenuListItem">hair removal</span></p> </a> <span data-icon="5" aria-hidden="true" class="globalNavArrow"></span> <div id="subcategoryLink_1597113_1598860_1849681" class="subcategoryMenu" role="menu" data-parent="departmentMenu_1597113_1598860" style="top:0"> <ul id="subcategoryList" class="subcategoryList"> <li class="mobileNavBackButtons" onclick="toggle(document.getElementById(&quot;subcategoryLink_1597113_1598860_1849681&quot;)),setUpMobileBurgerMenu(this,&quot;subcategoryLink_1597113_1598860_1849681&quot;)"> <span data-icon="4" aria-hidden="true" class="mobileBackArrow"></span> <a class="mobileBackLink" tabindex="22"> <span class="menuItemLabel lowerLevelMenuListItem">hair removal</span> </a> </li> <li> <a id="categoryLink_1597113_1598860_1849681" name="Supermenu:Inspire Me:beauty &amp; skincare:View all hair removal" onfocus="addBackgroundColourOnFocus(this)" onclick="analyticsJS.headObjectEventGtm(&quot;Inspire Me : beauty &amp; skincare : visit hair removal&quot;)" onblur="removeBackgroundColourOnFocus(this)" href="https://www.boots.com/skincare-beauty-advice/hair-removal-advice" tabindex="22" class="viewAllHeader"> <p class="subcategoryLinkOutput"><span class="menuItemLabel lowerLevelMenuListItem">visit&nbsp;hair removal</span></p> </a> </li> </ul> </div> </li> <li class="categoryMenuListItem"> <a id="categoryLink_1597113_1598860_1849684" onfocus="addBackgroundColourOnFocus(this)" onblur="removeBackgroundColourOnFocus(this)" aria-label="link" href="javascript:;" name="Supermenu:Inspire Me:beauty &amp; skincare:makeup" title="makeup" class="menuLink categoryLinkItem anchorDataToggle" role="menuitem" data-toggle="subcategoryLink_1597113_1598860_1849684" tabindex="21"> <p class="categoryLinkOutput"><span class="menuItemLabel lowerLevelMenuListItem">makeup</span></p> </a> <span data-icon="5" aria-hidden="true" class="globalNavArrow"></span> <div id="subcategoryLink_1597113_1598860_1849684" class="subcategoryMenu" role="menu" data-parent="departmentMenu_1597113_1598860" style="top:0"> <ul id="subcategoryList" class="subcategoryList"> <li class="mobileNavBackButtons" onclick="toggle(document.getElementById(&quot;subcategoryLink_1597113_1598860_1849684&quot;)),setUpMobileBurgerMenu(this,&quot;subcategoryLink_1597113_1598860_1849684&quot;)"> <span data-icon="4" aria-hidden="true" class="mobileBackArrow"></span> <a class="mobileBackLink" tabindex="22"> <span class="menuItemLabel lowerLevelMenuListItem">makeup</span> </a> </li> <li> <a id="categoryLink_1597113_1598860_1849684" name="Supermenu:Inspire Me:beauty &amp; skincare:View all makeup" onfocus="addBackgroundColourOnFocus(this)" onclick="analyticsJS.headObjectEventGtm(&quot;Inspire Me : beauty &amp; skincare : visit makeup&quot;)" onblur="removeBackgroundColourOnFocus(this)" href="https://www.boots.com/skincare-beauty-advice/makeup-tutorials" tabindex="22" class="viewAllHeader"> <p class="subcategoryLinkOutput"><span class="menuItemLabel lowerLevelMenuListItem">visit&nbsp;makeup</span></p> </a> </li> </ul> </div> </li> <li class="categoryMenuListItem"> <a id="categoryLink_1597113_1598860_1849683" onfocus="addBackgroundColourOnFocus(this)" onblur="removeBackgroundColourOnFocus(this)" aria-label="link" href="javascript:;" name="Supermenu:Inspire Me:beauty &amp; skincare:nails" title="nails" class="menuLink categoryLinkItem anchorDataToggle" role="menuitem" data-toggle="subcategoryLink_1597113_1598860_1849683" tabindex="21"> <p class="categoryLinkOutput"><span class="menuItemLabel lowerLevelMenuListItem">nails</span></p> </a> <span data-icon="5" aria-hidden="true" class="globalNavArrow"></span> <div id="subcategoryLink_1597113_1598860_1849683" class="subcategoryMenu" role="menu" data-parent="departmentMenu_1597113_1598860" style="top:0"> <ul id="subcategoryList" class="subcategoryList"> <li class="mobileNavBackButtons" onclick="toggle(document.getElementById(&quot;subcategoryLink_1597113_1598860_1849683&quot;)),setUpMobileBurgerMenu(this,&quot;subcategoryLink_1597113_1598860_1849683&quot;)"> <span data-icon="4" aria-hidden="true" class="mobileBackArrow"></span> <a class="mobileBackLink" tabindex="22"> <span class="menuItemLabel lowerLevelMenuListItem">nails</span> </a> </li> <li> <a id="categoryLink_1597113_1598860_1849683" name="Supermenu:Inspire Me:beauty &amp; skincare:View all nails" onfocus="addBackgroundColourOnFocus(this)" onclick="analyticsJS.headObjectEventGtm(&quot;Inspire Me : beauty &amp; skincare : visit nails&quot;)" onblur="removeBackgroundColourOnFocus(this)" href="https://www.boots.com/skincare-beauty-advice/nails-advice" tabindex="22" class="viewAllHeader"> <p class="subcategoryLinkOutput"><span class="menuItemLabel lowerLevelMenuListItem">visit&nbsp;nails</span></p> </a> </li> </ul> </div> </li> <li class="categoryMenuListItem"> <a id="categoryLink_1597113_1598860_1849685" onfocus="addBackgroundColourOnFocus(this)" onblur="removeBackgroundColourOnFocus(this)" aria-label="link" href="javascript:;" name="Supermenu:Inspire Me:beauty &amp; skincare:skincare" title="skincare" class="menuLink categoryLinkItem anchorDataToggle" role="menuitem" data-toggle="subcategoryLink_1597113_1598860_1849685" tabindex="21"> <p class="categoryLinkOutput"><span class="menuItemLabel lowerLevelMenuListItem">skincare</span></p> </a> <span data-icon="5" aria-hidden="true" class="globalNavArrow"></span> <div id="subcategoryLink_1597113_1598860_1849685" class="subcategoryMenu" role="menu" data-parent="departmentMenu_1597113_1598860" style="top:0"> <ul id="subcategoryList" class="subcategoryList"> <li class="mobileNavBackButtons" onclick="toggle(document.getElementById(&quot;subcategoryLink_1597113_1598860_1849685&quot;)),setUpMobileBurgerMenu(this,&quot;subcategoryLink_1597113_1598860_1849685&quot;)"> <span data-icon="4" aria-hidden="true" class="mobileBackArrow"></span> <a class="mobileBackLink" tabindex="22"> <span class="menuItemLabel lowerLevelMenuListItem">skincare</span> </a> </li> <li> <a id="categoryLink_1597113_1598860_1849685" name="Supermenu:Inspire Me:beauty &amp; skincare:View all skincare" onfocus="addBackgroundColourOnFocus(this)" onclick="analyticsJS.headObjectEventGtm(&quot;Inspire Me : beauty &amp; skincare : visit skincare&quot;)" onblur="removeBackgroundColourOnFocus(this)" href="https://www.boots.com/skincare-beauty-advice/skincare-advice" tabindex="22" class="viewAllHeader"> <p class="subcategoryLinkOutput"><span class="menuItemLabel lowerLevelMenuListItem">visit&nbsp;skincare</span></p> </a> </li> </ul> </div> </li> <li class="categoryMenuListItem"> <a id="categoryLink_1597113_1598860_2715686" onfocus="addBackgroundColourOnFocus(this)" onblur="removeBackgroundColourOnFocus(this)" aria-label="link" href="https://www.boots.com/skincare-beauty-advice/virtual-beauty" name="Supermenu:Inspire Me:beauty &amp; skincare:virtual beauty" title="virtual beauty" class="menuLink categoryLinkItem anchorDataToggle" role="menuitem" data-toggle="subcategoryMenu" onclick="analyticsJS.headObjectEventGtm(&quot;Inspire Me:beauty &amp; skincare:virtual beauty&quot;)" tabindex="21"> <p class="categoryLinkOutput"><span class="menuItemLabel lowerLevelMenuListItem">virtual beauty</span></p> </a> <span data-icon="5" aria-hidden="true" class="globalNavArrow hide"></span> <div id="subcategoryLink_1597113_1598860_2715686" class="subcategoryMenu" data-parent="departmentMenu_1597113_1598860" style="top:0"> </div> </li> </ul> </div> </li> <li class="departmentMenuListItem"> <a id="departmentLink_1860696" onfocus="addBackgroundColourOnFocus(this)" onblur="removeBackgroundColourOnFocus(this)" name="Supermenu:Inspire Me:wellness" title="wellness" href="javascript:;" class="2 link menuLink departmentLinkItem anchorDataToggle" data-toggle="departmentMenu_1597113_1860696" role="menuitem" tabindex="20" aria-label="link, collapsed content"> <p class="departmentLinkOutput"><span class="menuItemLabel lowerLevelMenuListItem">wellness</span></p> </a> <span data-icon="5" aria-hidden="true" class="globalNavArrow" id="departmenrGlobalNavArrow"></span> <div id="departmentMenu_1597113_1860696" class="departmentMenu departmentList" role="menu" data-parent="departmentMenu" data-id="1860696" aria-label="wellness" style="top:65px" data-espot-show="ESpot_wellness-advice"> <ul id="catergoryList" class="categoryList" data-parent="departmentMenu" data-toggle="departmentMenu_1597113_1860696" style="top:-65px"> <li class="mobileNavBackButtons" onclick="toggle(document.getElementById(&quot;departmentMenu_1597113_1860696&quot;)),setUpMobileBurgerMenu(this,&quot;catergoryList&quot;)"> <span data-icon="4" aria-hidden="true" class="mobileBackArrow"></span> <a class="mobileBackLink" tabindex="21"> <span class="menuItemLabel lowerLevelMenuListItem">wellness</span> </a> </li> <li class="categoryMenuListItem"> <a id="departmentLink_1860696_view_all" onfocus="addBackgroundColourOnFocus(this)" onblur="removeBackgroundColourOnFocus(this)" onclick="analyticsJS.headObjectEventGtm(&quot;Inspire Me : visit wellness&quot;)" name="Supermenu:Inspire Me:View all wellness" href="https://www.boots.com/wellness-advice" class="viewAllHeader" role="menuitem" tabindex="21" data-toggle="subcategoryMenu"> <p class="categoryLinkOutput"><span class="menuItemLabel lowerLevelMenuListItem">visit&nbsp;wellness</span></p> </a> </li> <li class="categoryMenuListItem"> <a id="categoryLink_1597113_1860696_1860699" onfocus="addBackgroundColourOnFocus(this)" onblur="removeBackgroundColourOnFocus(this)" aria-label="link" href="javascript:;" name="Supermenu:Inspire Me:wellness:healthy lifestyle" title="healthy lifestyle" class="menuLink categoryLinkItem anchorDataToggle" role="menuitem" data-toggle="subcategoryLink_1597113_1860696_1860699" tabindex="21"> <p class="categoryLinkOutput"><span class="menuItemLabel lowerLevelMenuListItem">healthy lifestyle</span></p> </a> <span data-icon="5" aria-hidden="true" class="globalNavArrow"></span> <div id="subcategoryLink_1597113_1860696_1860699" class="subcategoryMenu" role="menu" data-parent="departmentMenu_1597113_1860696" style="top:0"> <ul id="subcategoryList" class="subcategoryList"> <li class="mobileNavBackButtons" onclick="toggle(document.getElementById(&quot;subcategoryLink_1597113_1860696_1860699&quot;)),setUpMobileBurgerMenu(this,&quot;subcategoryLink_1597113_1860696_1860699&quot;)"> <span data-icon="4" aria-hidden="true" class="mobileBackArrow"></span> <a class="mobileBackLink" tabindex="22"> <span class="menuItemLabel lowerLevelMenuListItem">healthy lifestyle</span> </a> </li> <li> <a id="categoryLink_1597113_1860696_1860699" name="Supermenu:Inspire Me:wellness:View all healthy lifestyle" onfocus="addBackgroundColourOnFocus(this)" onclick="analyticsJS.headObjectEventGtm(&quot;Inspire Me : wellness : visit healthy lifestyle&quot;)" onblur="removeBackgroundColourOnFocus(this)" href="https://www.boots.com/wellness-advice/healthy-lifestyle" tabindex="22" class="viewAllHeader"> <p class="subcategoryLinkOutput"><span class="menuItemLabel lowerLevelMenuListItem">visit&nbsp;healthy lifestyle</span></p> </a> </li> </ul> </div> </li> <li class="categoryMenuListItem"> <a id="categoryLink_1597113_1860696_1860700" onfocus="addBackgroundColourOnFocus(this)" onblur="removeBackgroundColourOnFocus(this)" aria-label="link" href="javascript:;" name="Supermenu:Inspire Me:wellness:life balance" title="life balance" class="menuLink categoryLinkItem anchorDataToggle" role="menuitem" data-toggle="subcategoryLink_1597113_1860696_1860700" tabindex="21"> <p class="categoryLinkOutput"><span class="menuItemLabel lowerLevelMenuListItem">life balance</span></p> </a> <span data-icon="5" aria-hidden="true" class="globalNavArrow"></span> <div id="subcategoryLink_1597113_1860696_1860700" class="subcategoryMenu" role="menu" data-parent="departmentMenu_1597113_1860696" style="top:0"> <ul id="subcategoryList" class="subcategoryList"> <li class="mobileNavBackButtons" onclick="toggle(document.getElementById(&quot;subcategoryLink_1597113_1860696_1860700&quot;)),setUpMobileBurgerMenu(this,&quot;subcategoryLink_1597113_1860696_1860700&quot;)"> <span data-icon="4" aria-hidden="true" class="mobileBackArrow"></span> <a class="mobileBackLink" tabindex="22"> <span class="menuItemLabel lowerLevelMenuListItem">life balance</span> </a> </li> <li> <a id="categoryLink_1597113_1860696_1860700" name="Supermenu:Inspire Me:wellness:View all life balance" onfocus="addBackgroundColourOnFocus(this)" onclick="analyticsJS.headObjectEventGtm(&quot;Inspire Me : wellness : visit life balance&quot;)" onblur="removeBackgroundColourOnFocus(this)" href="https://www.boots.com/wellness-advice/life-balance" tabindex="22" class="viewAllHeader"> <p class="subcategoryLinkOutput"><span class="menuItemLabel lowerLevelMenuListItem">visit&nbsp;life balance</span></p> </a> </li> </ul> </div> </li> <li class="categoryMenuListItem"> <a id="categoryLink_1597113_1860696_1603710" onfocus="addBackgroundColourOnFocus(this)" onblur="removeBackgroundColourOnFocus(this)" aria-label="link" href="javascript:;" name="Supermenu:Inspire Me:wellness:nutrition" title="nutrition" class="menuLink categoryLinkItem anchorDataToggle" role="menuitem" data-toggle="subcategoryLink_1597113_1860696_1603710" tabindex="21"> <p class="categoryLinkOutput"><span class="menuItemLabel lowerLevelMenuListItem">nutrition</span></p> </a> <span data-icon="5" aria-hidden="true" class="globalNavArrow"></span> <div id="subcategoryLink_1597113_1860696_1603710" class="subcategoryMenu" role="menu" data-parent="departmentMenu_1597113_1860696" style="top:0"> <ul id="subcategoryList" class="subcategoryList"> <li class="mobileNavBackButtons" onclick="toggle(document.getElementById(&quot;subcategoryLink_1597113_1860696_1603710&quot;)),setUpMobileBurgerMenu(this,&quot;subcategoryLink_1597113_1860696_1603710&quot;)"> <span data-icon="4" aria-hidden="true" class="mobileBackArrow"></span> <a class="mobileBackLink" tabindex="22"> <span class="menuItemLabel lowerLevelMenuListItem">nutrition</span> </a> </li> <li> <a id="categoryLink_1597113_1860696_1603710" name="Supermenu:Inspire Me:wellness:View all nutrition" onfocus="addBackgroundColourOnFocus(this)" onclick="analyticsJS.headObjectEventGtm(&quot;Inspire Me : wellness : visit nutrition&quot;)" onblur="removeBackgroundColourOnFocus(this)" href="https://www.boots.com/wellness-advice/nutrition" tabindex="22" class="viewAllHeader"> <p class="subcategoryLinkOutput"><span class="menuItemLabel lowerLevelMenuListItem">visit&nbsp;nutrition</span></p> </a> </li> </ul> </div> </li> <li class="categoryMenuListItem"> <a id="categoryLink_1597113_1860696_2142186" onfocus="addBackgroundColourOnFocus(this)" onblur="removeBackgroundColourOnFocus(this)" aria-label="link" href="javascript:;" name="Supermenu:Inspire Me:wellness:sleep" title="sleep" class="menuLink categoryLinkItem anchorDataToggle" role="menuitem" data-toggle="subcategoryLink_1597113_1860696_2142186" tabindex="21"> <p class="categoryLinkOutput"><span class="menuItemLabel lowerLevelMenuListItem">sleep</span></p> </a> <span data-icon="5" aria-hidden="true" class="globalNavArrow"></span> <div id="subcategoryLink_1597113_1860696_2142186" class="subcategoryMenu" role="menu" data-parent="departmentMenu_1597113_1860696" style="top:0"> <ul id="subcategoryList" class="subcategoryList"> <li class="mobileNavBackButtons" onclick="toggle(document.getElementById(&quot;subcategoryLink_1597113_1860696_2142186&quot;)),setUpMobileBurgerMenu(this,&quot;subcategoryLink_1597113_1860696_2142186&quot;)"> <span data-icon="4" aria-hidden="true" class="mobileBackArrow"></span> <a class="mobileBackLink" tabindex="22"> <span class="menuItemLabel lowerLevelMenuListItem">sleep</span> </a> </li> <li> <a id="categoryLink_1597113_1860696_2142186" name="Supermenu:Inspire Me:wellness:View all sleep" onfocus="addBackgroundColourOnFocus(this)" onclick="analyticsJS.headObjectEventGtm(&quot;Inspire Me : wellness : visit sleep&quot;)" onblur="removeBackgroundColourOnFocus(this)" href="https://www.boots.com/wellness-advice/sleep-advice" tabindex="22" class="viewAllHeader"> <p class="subcategoryLinkOutput"><span class="menuItemLabel lowerLevelMenuListItem">visit&nbsp;sleep</span></p> </a> </li> </ul> </div> </li> <li class="categoryMenuListItem"> <a id="categoryLink_1597113_1860696_2035689" onfocus="addBackgroundColourOnFocus(this)" onblur="removeBackgroundColourOnFocus(this)" aria-label="link" href="javascript:;" name="Supermenu:Inspire Me:wellness:stop smoking advice" title="stop smoking advice" class="menuLink categoryLinkItem anchorDataToggle" role="menuitem" data-toggle="subcategoryLink_1597113_1860696_2035689" tabindex="21"> <p class="categoryLinkOutput"><span class="menuItemLabel lowerLevelMenuListItem">stop smoking advice</span></p> </a> <span data-icon="5" aria-hidden="true" class="globalNavArrow"></span> <div id="subcategoryLink_1597113_1860696_2035689" class="subcategoryMenu" role="menu" data-parent="departmentMenu_1597113_1860696" style="top:0"> <ul id="subcategoryList" class="subcategoryList"> <li class="mobileNavBackButtons" onclick="toggle(document.getElementById(&quot;subcategoryLink_1597113_1860696_2035689&quot;)),setUpMobileBurgerMenu(this,&quot;subcategoryLink_1597113_1860696_2035689&quot;)"> <span data-icon="4" aria-hidden="true" class="mobileBackArrow"></span> <a class="mobileBackLink" tabindex="22"> <span class="menuItemLabel lowerLevelMenuListItem">stop smoking advice</span> </a> </li> <li> <a id="categoryLink_1597113_1860696_2035689" name="Supermenu:Inspire Me:wellness:View all stop smoking advice" onfocus="addBackgroundColourOnFocus(this)" onclick="analyticsJS.headObjectEventGtm(&quot;Inspire Me : wellness : visit stop smoking advice&quot;)" onblur="removeBackgroundColourOnFocus(this)" href="https://www.boots.com/wellness-advice/stop-smoking-advice" tabindex="22" class="viewAllHeader"> <p class="subcategoryLinkOutput"><span class="menuItemLabel lowerLevelMenuListItem">visit&nbsp;stop smoking advice</span></p> </a> </li> </ul> </div> </li> <li class="categoryMenuListItem"> <a id="categoryLink_1597113_1860696_2172692" onfocus="addBackgroundColourOnFocus(this)" onblur="removeBackgroundColourOnFocus(this)" aria-label="link" href="javascript:;" name="Supermenu:Inspire Me:wellness:women" title="women" class="menuLink categoryLinkItem anchorDataToggle" role="menuitem" data-toggle="subcategoryLink_1597113_1860696_2172692" tabindex="21"> <p class="categoryLinkOutput"><span class="menuItemLabel lowerLevelMenuListItem">women</span></p> </a> <span data-icon="5" aria-hidden="true" class="globalNavArrow"></span> <div id="subcategoryLink_1597113_1860696_2172692" class="subcategoryMenu" role="menu" data-parent="departmentMenu_1597113_1860696" style="top:0"> <ul id="subcategoryList" class="subcategoryList"> <li class="mobileNavBackButtons" onclick="toggle(document.getElementById(&quot;subcategoryLink_1597113_1860696_2172692&quot;)),setUpMobileBurgerMenu(this,&quot;subcategoryLink_1597113_1860696_2172692&quot;)"> <span data-icon="4" aria-hidden="true" class="mobileBackArrow"></span> <a class="mobileBackLink" tabindex="22"> <span class="menuItemLabel lowerLevelMenuListItem">women</span> </a> </li> <li> <a id="categoryLink_1597113_1860696_2172692" name="Supermenu:Inspire Me:wellness:View all women" onfocus="addBackgroundColourOnFocus(this)" onclick="analyticsJS.headObjectEventGtm(&quot;Inspire Me : wellness : visit women&quot;)" onblur="removeBackgroundColourOnFocus(this)" href="https://www.boots.com/wellness-advice/womens-wellness" tabindex="22" class="viewAllHeader"> <p class="subcategoryLinkOutput"><span class="menuItemLabel lowerLevelMenuListItem">visit&nbsp;women</span></p> </a> </li> </ul> </div> </li> </ul> </div> </li> <li class="departmentMenuListItem"> <a id="departmentLink_1598862" onfocus="addBackgroundColourOnFocus(this)" onblur="removeBackgroundColourOnFocus(this)" name="Supermenu:Inspire Me:health" title="health" href="javascript:;" class="3 link menuLink departmentLinkItem anchorDataToggle" data-toggle="departmentMenu_1597113_1598862" role="menuitem" tabindex="20" aria-label="link, collapsed content"> <p class="departmentLinkOutput"><span class="menuItemLabel lowerLevelMenuListItem">health</span></p> </a> <span data-icon="5" aria-hidden="true" class="globalNavArrow" id="departmenrGlobalNavArrow"></span> <div id="departmentMenu_1597113_1598862" class="departmentMenu departmentList" role="menu" data-parent="departmentMenu" data-id="1598862" aria-label="health" style="top:65px" data-espot-show="ESpot_health"> <ul id="catergoryList" class="categoryList" data-parent="departmentMenu" data-toggle="departmentMenu_1597113_1598862" style="top:-65px"> <li class="mobileNavBackButtons" onclick="toggle(document.getElementById(&quot;departmentMenu_1597113_1598862&quot;)),setUpMobileBurgerMenu(this,&quot;catergoryList&quot;)"> <span data-icon="4" aria-hidden="true" class="mobileBackArrow"></span> <a class="mobileBackLink" tabindex="21"> <span class="menuItemLabel lowerLevelMenuListItem">health</span> </a> </li> <li class="categoryMenuListItem"> <a id="departmentLink_1598862_view_all" onfocus="addBackgroundColourOnFocus(this)" onblur="removeBackgroundColourOnFocus(this)" onclick="analyticsJS.headObjectEventGtm(&quot;Inspire Me : visit health&quot;)" name="Supermenu:Inspire Me:View all health" href="https://www.boots.com/health" class="viewAllHeader" role="menuitem" tabindex="21" data-toggle="subcategoryMenu"> <p class="categoryLinkOutput"><span class="menuItemLabel lowerLevelMenuListItem">visit&nbsp;health</span></p> </a> </li> <li class="categoryMenuListItem"> <a id="categoryLink_1597113_1598862_1843192" onfocus="addBackgroundColourOnFocus(this)" onblur="removeBackgroundColourOnFocus(this)" aria-label="link" href="https://www.boots.com/health/allergy-and-hayfever" name="Supermenu:Inspire Me:health:allergy &amp; hayfever" title="allergy &amp; hayfever" class="menuLink categoryLinkItem anchorDataToggle" role="menuitem" data-toggle="subcategoryMenu" onclick="analyticsJS.headObjectEventGtm(&quot;Inspire Me:health:allergy &amp; hayfever&quot;)" tabindex="21"> <p class="categoryLinkOutput"><span class="menuItemLabel lowerLevelMenuListItem">allergy &amp; hayfever</span></p> </a> <span data-icon="5" aria-hidden="true" class="globalNavArrow hide"></span> <div id="subcategoryLink_1597113_1598862_1843192" class="subcategoryMenu" data-parent="departmentMenu_1597113_1598862" style="top:0"> </div> </li> <li class="categoryMenuListItem"> <a id="categoryLink_1597113_1598862_2172700" onfocus="addBackgroundColourOnFocus(this)" onblur="removeBackgroundColourOnFocus(this)" aria-label="link" href="javascript:;" name="Supermenu:Inspire Me:health:baby &amp; child health" title="baby &amp; child health" class="menuLink categoryLinkItem anchorDataToggle" role="menuitem" data-toggle="subcategoryLink_1597113_1598862_2172700" tabindex="21"> <p class="categoryLinkOutput"><span class="menuItemLabel lowerLevelMenuListItem">baby &amp; child health</span></p> </a> <span data-icon="5" aria-hidden="true" class="globalNavArrow"></span> <div id="subcategoryLink_1597113_1598862_2172700" class="subcategoryMenu" role="menu" data-parent="departmentMenu_1597113_1598862" style="top:0"> <ul id="subcategoryList" class="subcategoryList"> <li class="mobileNavBackButtons" onclick="toggle(document.getElementById(&quot;subcategoryLink_1597113_1598862_2172700&quot;)),setUpMobileBurgerMenu(this,&quot;subcategoryLink_1597113_1598862_2172700&quot;)"> <span data-icon="4" aria-hidden="true" class="mobileBackArrow"></span> <a class="mobileBackLink" tabindex="22"> <span class="menuItemLabel lowerLevelMenuListItem">baby &amp; child health</span> </a> </li> <li> <a id="categoryLink_1597113_1598862_2172700" name="Supermenu:Inspire Me:health:View all baby &amp; child health" onfocus="addBackgroundColourOnFocus(this)" onclick="analyticsJS.headObjectEventGtm(&quot;Inspire Me : health : visit baby &amp; child health&quot;)" onblur="removeBackgroundColourOnFocus(this)" href="https://www.boots.com/health/baby-child-health-advice" tabindex="22" class="viewAllHeader"> <p class="subcategoryLinkOutput"><span class="menuItemLabel lowerLevelMenuListItem">visit&nbsp;baby &amp; child health</span></p> </a> </li> </ul> </div> </li> <li class="categoryMenuListItem"> <a id="categoryLink_1597113_1598862_1843193" onfocus="addBackgroundColourOnFocus(this)" onblur="removeBackgroundColourOnFocus(this)" aria-label="link" href="javascript:;" name="Supermenu:Inspire Me:health:cold &amp; flu" title="cold &amp; flu" class="menuLink categoryLinkItem anchorDataToggle" role="menuitem" data-toggle="subcategoryLink_1597113_1598862_1843193" tabindex="21"> <p class="categoryLinkOutput"><span class="menuItemLabel lowerLevelMenuListItem">cold &amp; flu</span></p> </a> <span data-icon="5" aria-hidden="true" class="globalNavArrow"></span> <div id="subcategoryLink_1597113_1598862_1843193" class="subcategoryMenu" role="menu" data-parent="departmentMenu_1597113_1598862" style="top:0"> <ul id="subcategoryList" class="subcategoryList"> <li class="mobileNavBackButtons" onclick="toggle(document.getElementById(&quot;subcategoryLink_1597113_1598862_1843193&quot;)),setUpMobileBurgerMenu(this,&quot;subcategoryLink_1597113_1598862_1843193&quot;)"> <span data-icon="4" aria-hidden="true" class="mobileBackArrow"></span> <a class="mobileBackLink" tabindex="22"> <span class="menuItemLabel lowerLevelMenuListItem">cold &amp; flu</span> </a> </li> <li> <a id="categoryLink_1597113_1598862_1843193" name="Supermenu:Inspire Me:health:View all cold &amp; flu" onfocus="addBackgroundColourOnFocus(this)" onclick="analyticsJS.headObjectEventGtm(&quot;Inspire Me : health : visit cold &amp; flu&quot;)" onblur="removeBackgroundColourOnFocus(this)" href="https://www.boots.com/health/cold-and-flu" tabindex="22" class="viewAllHeader"> <p class="subcategoryLinkOutput"><span class="menuItemLabel lowerLevelMenuListItem">visit&nbsp;cold &amp; flu</span></p> </a> </li> </ul> </div> </li> <li class="categoryMenuListItem"> <a id="categoryLink_1597113_1598862_2366682" onfocus="addBackgroundColourOnFocus(this)" onblur="removeBackgroundColourOnFocus(this)" aria-label="link" href="javascript:;" name="Supermenu:Inspire Me:health:coronavirus (COVID-19)" title="coronavirus (COVID-19)" class="menuLink categoryLinkItem anchorDataToggle" role="menuitem" data-toggle="subcategoryLink_1597113_1598862_2366682" tabindex="21"> <p class="categoryLinkOutput"><span class="menuItemLabel lowerLevelMenuListItem">coronavirus (COVID-19)</span></p> </a> <span data-icon="5" aria-hidden="true" class="globalNavArrow"></span> <div id="subcategoryLink_1597113_1598862_2366682" class="subcategoryMenu" role="menu" data-parent="departmentMenu_1597113_1598862" style="top:0"> <ul id="subcategoryList" class="subcategoryList"> <li class="mobileNavBackButtons" onclick="toggle(document.getElementById(&quot;subcategoryLink_1597113_1598862_2366682&quot;)),setUpMobileBurgerMenu(this,&quot;subcategoryLink_1597113_1598862_2366682&quot;)"> <span data-icon="4" aria-hidden="true" class="mobileBackArrow"></span> <a class="mobileBackLink" tabindex="22"> <span class="menuItemLabel lowerLevelMenuListItem">coronavirus (COVID-19)</span> </a> </li> <li> <a id="categoryLink_1597113_1598862_2366682" name="Supermenu:Inspire Me:health:View all coronavirus (COVID-19)" onfocus="addBackgroundColourOnFocus(this)" onclick="analyticsJS.headObjectEventGtm(&quot;Inspire Me : health : visit coronavirus (COVID-19)&quot;)" onblur="removeBackgroundColourOnFocus(this)" href="https://www.boots.com/health/covid-19" tabindex="22" class="viewAllHeader"> <p class="subcategoryLinkOutput"><span class="menuItemLabel lowerLevelMenuListItem">visit&nbsp;coronavirus (covid-19)</span></p> </a> </li> </ul> </div> </li> <li class="categoryMenuListItem"> <a id="categoryLink_1597113_1598862_2336685" onfocus="addBackgroundColourOnFocus(this)" onblur="removeBackgroundColourOnFocus(this)" aria-label="link" href="https://www.boots.com/health/diabetes-advice" name="Supermenu:Inspire Me:health:diabetes" title="diabetes" class="menuLink categoryLinkItem anchorDataToggle" role="menuitem" data-toggle="subcategoryMenu" onclick="analyticsJS.headObjectEventGtm(&quot;Inspire Me:health:diabetes&quot;)" tabindex="21"> <p class="categoryLinkOutput"><span class="menuItemLabel lowerLevelMenuListItem">diabetes</span></p> </a> <span data-icon="5" aria-hidden="true" class="globalNavArrow hide"></span> <div id="subcategoryLink_1597113_1598862_2336685" class="subcategoryMenu" data-parent="departmentMenu_1597113_1598862" style="top:0"> </div> </li> <li class="categoryMenuListItem"> <a id="categoryLink_1597113_1598862_2122186" onfocus="addBackgroundColourOnFocus(this)" onblur="removeBackgroundColourOnFocus(this)" aria-label="link" href="https://www.boots.com/health/digestion-and-gut-health" name="Supermenu:Inspire Me:health:digestion &amp; gut health" title="digestion &amp; gut health" class="menuLink categoryLinkItem anchorDataToggle" role="menuitem" data-toggle="subcategoryMenu" onclick="analyticsJS.headObjectEventGtm(&quot;Inspire Me:health:digestion &amp; gut health&quot;)" tabindex="21"> <p class="categoryLinkOutput"><span class="menuItemLabel lowerLevelMenuListItem">digestion &amp; gut health</span></p> </a> <span data-icon="5" aria-hidden="true" class="globalNavArrow hide"></span> <div id="subcategoryLink_1597113_1598862_2122186" class="subcategoryMenu" data-parent="departmentMenu_1597113_1598862" style="top:0"> </div> </li> <li class="categoryMenuListItem"> <a id="categoryLink_1597113_1598862_2149227" onfocus="addBackgroundColourOnFocus(this)" onblur="removeBackgroundColourOnFocus(this)" aria-label="link" href="javascript:;" name="Supermenu:Inspire Me:health:eyes &amp; vision" title="eyes &amp; vision" class="menuLink categoryLinkItem anchorDataToggle" role="menuitem" data-toggle="subcategoryLink_1597113_1598862_2149227" tabindex="21"> <p class="categoryLinkOutput"><span class="menuItemLabel lowerLevelMenuListItem">eyes &amp; vision</span></p> </a> <span data-icon="5" aria-hidden="true" class="globalNavArrow"></span> <div id="subcategoryLink_1597113_1598862_2149227" class="subcategoryMenu" role="menu" data-parent="departmentMenu_1597113_1598862" style="top:0"> <ul id="subcategoryList" class="subcategoryList"> <li class="mobileNavBackButtons" onclick="toggle(document.getElementById(&quot;subcategoryLink_1597113_1598862_2149227&quot;)),setUpMobileBurgerMenu(this,&quot;subcategoryLink_1597113_1598862_2149227&quot;)"> <span data-icon="4" aria-hidden="true" class="mobileBackArrow"></span> <a class="mobileBackLink" tabindex="22"> <span class="menuItemLabel lowerLevelMenuListItem">eyes &amp; vision</span> </a> </li> <li> <a id="categoryLink_1597113_1598862_2149227" name="Supermenu:Inspire Me:health:View all eyes &amp; vision" onfocus="addBackgroundColourOnFocus(this)" onclick="analyticsJS.headObjectEventGtm(&quot;Inspire Me : health : visit eyes &amp; vision&quot;)" onblur="removeBackgroundColourOnFocus(this)" href="https://www.boots.com/health/eyes-and-vision" tabindex="22" class="viewAllHeader"> <p class="subcategoryLinkOutput"><span class="menuItemLabel lowerLevelMenuListItem">visit&nbsp;eyes &amp; vision</span></p> </a> </li> </ul> </div> </li> <li class="categoryMenuListItem"> <a id="categoryLink_1597113_1598862_2181694" onfocus="addBackgroundColourOnFocus(this)" onblur="removeBackgroundColourOnFocus(this)" aria-label="link" href="https://www.boots.com/health/fertility-and-conception" name="Supermenu:Inspire Me:health:fertility &amp; conception" title="fertility &amp; conception" class="menuLink categoryLinkItem anchorDataToggle" role="menuitem" data-toggle="subcategoryMenu" onclick="analyticsJS.headObjectEventGtm(&quot;Inspire Me:health:fertility &amp; conception&quot;)" tabindex="21"> <p class="categoryLinkOutput"><span class="menuItemLabel lowerLevelMenuListItem">fertility &amp; conception</span></p> </a> <span data-icon="5" aria-hidden="true" class="globalNavArrow hide"></span> <div id="subcategoryLink_1597113_1598862_2181694" class="subcategoryMenu" data-parent="departmentMenu_1597113_1598862" style="top:0"> </div> </li> <li class="categoryMenuListItem"> <a id="categoryLink_1597113_1598862_1922199" onfocus="addBackgroundColourOnFocus(this)" onblur="removeBackgroundColourOnFocus(this)" aria-label="link" href="javascript:;" name="Supermenu:Inspire Me:health:first aid advice" title="first aid advice" class="menuLink categoryLinkItem anchorDataToggle" role="menuitem" data-toggle="subcategoryLink_1597113_1598862_1922199" tabindex="21"> <p class="categoryLinkOutput"><span class="menuItemLabel lowerLevelMenuListItem">first aid advice</span></p> </a> <span data-icon="5" aria-hidden="true" class="globalNavArrow"></span> <div id="subcategoryLink_1597113_1598862_1922199" class="subcategoryMenu" role="menu" data-parent="departmentMenu_1597113_1598862" style="top:0"> <ul id="subcategoryList" class="subcategoryList"> <li class="mobileNavBackButtons" onclick="toggle(document.getElementById(&quot;subcategoryLink_1597113_1598862_1922199&quot;)),setUpMobileBurgerMenu(this,&quot;subcategoryLink_1597113_1598862_1922199&quot;)"> <span data-icon="4" aria-hidden="true" class="mobileBackArrow"></span> <a class="mobileBackLink" tabindex="22"> <span class="menuItemLabel lowerLevelMenuListItem">first aid advice</span> </a> </li> <li> <a id="categoryLink_1597113_1598862_1922199" name="Supermenu:Inspire Me:health:View all first aid advice" onfocus="addBackgroundColourOnFocus(this)" onclick="analyticsJS.headObjectEventGtm(&quot;Inspire Me : health : visit first aid advice&quot;)" onblur="removeBackgroundColourOnFocus(this)" href="https://www.boots.com/health/first-aid-advice" tabindex="22" class="viewAllHeader"> <p class="subcategoryLinkOutput"><span class="menuItemLabel lowerLevelMenuListItem">visit&nbsp;first aid advice</span></p> </a> </li> </ul> </div> </li> <li class="categoryMenuListItem"> <a id="categoryLink_1597113_1598862_1843195" onfocus="addBackgroundColourOnFocus(this)" onblur="removeBackgroundColourOnFocus(this)" aria-label="link" href="javascript:;" name="Supermenu:Inspire Me:health:footcare" title="footcare" class="menuLink categoryLinkItem anchorDataToggle" role="menuitem" data-toggle="subcategoryLink_1597113_1598862_1843195" tabindex="21"> <p class="categoryLinkOutput"><span class="menuItemLabel lowerLevelMenuListItem">footcare</span></p> </a> <span data-icon="5" aria-hidden="true" class="globalNavArrow"></span> <div id="subcategoryLink_1597113_1598862_1843195" class="subcategoryMenu" role="menu" data-parent="departmentMenu_1597113_1598862" style="top:0"> <ul id="subcategoryList" class="subcategoryList"> <li class="mobileNavBackButtons" onclick="toggle(document.getElementById(&quot;subcategoryLink_1597113_1598862_1843195&quot;)),setUpMobileBurgerMenu(this,&quot;subcategoryLink_1597113_1598862_1843195&quot;)"> <span data-icon="4" aria-hidden="true" class="mobileBackArrow"></span> <a class="mobileBackLink" tabindex="22"> <span class="menuItemLabel lowerLevelMenuListItem">footcare</span> </a> </li> <li> <a id="categoryLink_1597113_1598862_1843195" name="Supermenu:Inspire Me:health:View all footcare" onfocus="addBackgroundColourOnFocus(this)" onclick="analyticsJS.headObjectEventGtm(&quot;Inspire Me : health : visit footcare&quot;)" onblur="removeBackgroundColourOnFocus(this)" href="https://www.boots.com/health/footcare-advice" tabindex="22" class="viewAllHeader"> <p class="subcategoryLinkOutput"><span class="menuItemLabel lowerLevelMenuListItem">visit&nbsp;footcare</span></p> </a> </li> </ul> </div> </li> <li class="categoryMenuListItem"> <a id="categoryLink_1597113_1598862_2856697" onfocus="addBackgroundColourOnFocus(this)" onblur="removeBackgroundColourOnFocus(this)" aria-label="link" href="javascript:;" name="Supermenu:Inspire Me:health:general health" title="general health" class="menuLink categoryLinkItem anchorDataToggle" role="menuitem" data-toggle="subcategoryLink_1597113_1598862_2856697" tabindex="21"> <p class="categoryLinkOutput"><span class="menuItemLabel lowerLevelMenuListItem">general health</span></p> </a> <span data-icon="5" aria-hidden="true" class="globalNavArrow"></span> <div id="subcategoryLink_1597113_1598862_2856697" class="subcategoryMenu" role="menu" data-parent="departmentMenu_1597113_1598862" style="top:0"> <ul id="subcategoryList" class="subcategoryList"> <li class="mobileNavBackButtons" onclick="toggle(document.getElementById(&quot;subcategoryLink_1597113_1598862_2856697&quot;)),setUpMobileBurgerMenu(this,&quot;subcategoryLink_1597113_1598862_2856697&quot;)"> <span data-icon="4" aria-hidden="true" class="mobileBackArrow"></span> <a class="mobileBackLink" tabindex="22"> <span class="menuItemLabel lowerLevelMenuListItem">general health</span> </a> </li> <li> <a id="categoryLink_1597113_1598862_2856697" name="Supermenu:Inspire Me:health:View all general health" onfocus="addBackgroundColourOnFocus(this)" onclick="analyticsJS.headObjectEventGtm(&quot;Inspire Me : health : visit general health&quot;)" onblur="removeBackgroundColourOnFocus(this)" href="https://www.boots.com/health/general-health" tabindex="22" class="viewAllHeader"> <p class="subcategoryLinkOutput"><span class="menuItemLabel lowerLevelMenuListItem">visit&nbsp;general health</span></p> </a> </li> </ul> </div> </li> <li class="categoryMenuListItem"> <a id="categoryLink_1597113_1598862_2087179" onfocus="addBackgroundColourOnFocus(this)" onblur="removeBackgroundColourOnFocus(this)" aria-label="link" href="javascript:;" name="Supermenu:Inspire Me:health:hair loss" title="hair loss" class="menuLink categoryLinkItem anchorDataToggle" role="menuitem" data-toggle="subcategoryLink_1597113_1598862_2087179" tabindex="21"> <p class="categoryLinkOutput"><span class="menuItemLabel lowerLevelMenuListItem">hair loss</span></p> </a> <span data-icon="5" aria-hidden="true" class="globalNavArrow"></span> <div id="subcategoryLink_1597113_1598862_2087179" class="subcategoryMenu" role="menu" data-parent="departmentMenu_1597113_1598862" style="top:0"> <ul id="subcategoryList" class="subcategoryList"> <li class="mobileNavBackButtons" onclick="toggle(document.getElementById(&quot;subcategoryLink_1597113_1598862_2087179&quot;)),setUpMobileBurgerMenu(this,&quot;subcategoryLink_1597113_1598862_2087179&quot;)"> <span data-icon="4" aria-hidden="true" class="mobileBackArrow"></span> <a class="mobileBackLink" tabindex="22"> <span class="menuItemLabel lowerLevelMenuListItem">hair loss</span> </a> </li> <li> <a id="categoryLink_1597113_1598862_2087179" name="Supermenu:Inspire Me:health:View all hair loss" onfocus="addBackgroundColourOnFocus(this)" onclick="analyticsJS.headObjectEventGtm(&quot;Inspire Me : health : visit hair loss&quot;)" onblur="removeBackgroundColourOnFocus(this)" href="https://www.boots.com/health/hair-loss-help-and-advice" tabindex="22" class="viewAllHeader"> <p class="subcategoryLinkOutput"><span class="menuItemLabel lowerLevelMenuListItem">visit&nbsp;hair loss</span></p> </a> </li> </ul> </div> </li> <li class="categoryMenuListItem"> <a id="categoryLink_1597113_1598862_2190692" onfocus="addBackgroundColourOnFocus(this)" onblur="removeBackgroundColourOnFocus(this)" aria-label="link" href="javascript:;" name="Supermenu:Inspire Me:health:men's health" title="men's health" class="menuLink categoryLinkItem anchorDataToggle" role="menuitem" data-toggle="subcategoryLink_1597113_1598862_2190692" tabindex="21"> <p class="categoryLinkOutput"><span class="menuItemLabel lowerLevelMenuListItem">men's health</span></p> </a> <span data-icon="5" aria-hidden="true" class="globalNavArrow"></span> <div id="subcategoryLink_1597113_1598862_2190692" class="subcategoryMenu" role="menu" data-parent="departmentMenu_1597113_1598862" style="top:0"> <ul id="subcategoryList" class="subcategoryList"> <li class="mobileNavBackButtons" onclick="toggle(document.getElementById(&quot;subcategoryLink_1597113_1598862_2190692&quot;)),setUpMobileBurgerMenu(this,&quot;subcategoryLink_1597113_1598862_2190692&quot;)"> <span data-icon="4" aria-hidden="true" class="mobileBackArrow"></span> <a class="mobileBackLink" tabindex="22"> <span class="menuItemLabel lowerLevelMenuListItem">men's health</span> </a> </li> <li> <a id="categoryLink_1597113_1598862_2190692" name="Supermenu:Inspire Me:health:View all men's health" onfocus="addBackgroundColourOnFocus(this)" onclick="analyticsJS.headObjectEventGtm('Inspire Me : health : visit men's health' );" onblur="removeBackgroundColourOnFocus(this)" href="https://www.boots.com/health/mens-health-information" tabindex="22" class="viewAllHeader"> <p class="subcategoryLinkOutput"><span class="menuItemLabel lowerLevelMenuListItem">visit&nbsp;men's health</span></p> </a> </li> </ul> </div> </li> <li class="categoryMenuListItem"> <a id="categoryLink_1597113_1598862_1721178" onfocus="addBackgroundColourOnFocus(this)" onblur="removeBackgroundColourOnFocus(this)" aria-label="link" href="javascript:;" name="Supermenu:Inspire Me:health:pain management" title="pain management" class="menuLink categoryLinkItem anchorDataToggle" role="menuitem" data-toggle="subcategoryLink_1597113_1598862_1721178" tabindex="21"> <p class="categoryLinkOutput"><span class="menuItemLabel lowerLevelMenuListItem">pain management</span></p> </a> <span data-icon="5" aria-hidden="true" class="globalNavArrow"></span> <div id="subcategoryLink_1597113_1598862_1721178" class="subcategoryMenu" role="menu" data-parent="departmentMenu_1597113_1598862" style="top:0"> <ul id="subcategoryList" class="subcategoryList"> <li class="mobileNavBackButtons" onclick="toggle(document.getElementById(&quot;subcategoryLink_1597113_1598862_1721178&quot;)),setUpMobileBurgerMenu(this,&quot;subcategoryLink_1597113_1598862_1721178&quot;)"> <span data-icon="4" aria-hidden="true" class="mobileBackArrow"></span> <a class="mobileBackLink" tabindex="22"> <span class="menuItemLabel lowerLevelMenuListItem">pain management</span> </a> </li> <li> <a id="categoryLink_1597113_1598862_1721178" name="Supermenu:Inspire Me:health:View all pain management" onfocus="addBackgroundColourOnFocus(this)" onclick="analyticsJS.headObjectEventGtm(&quot;Inspire Me : health : visit pain management&quot;)" onblur="removeBackgroundColourOnFocus(this)" href="https://www.boots.com/health/pain-management" tabindex="22" class="viewAllHeader"> <p class="subcategoryLinkOutput"><span class="menuItemLabel lowerLevelMenuListItem">visit&nbsp;pain management</span></p> </a> </li> </ul> </div> </li> <li class="categoryMenuListItem"> <a id="categoryLink_1597113_1598862_2196697" onfocus="addBackgroundColourOnFocus(this)" onblur="removeBackgroundColourOnFocus(this)" aria-label="link" href="javascript:;" name="Supermenu:Inspire Me:health:sexual health" title="sexual health" class="menuLink categoryLinkItem anchorDataToggle" role="menuitem" data-toggle="subcategoryLink_1597113_1598862_2196697" tabindex="21"> <p class="categoryLinkOutput"><span class="menuItemLabel lowerLevelMenuListItem">sexual health</span></p> </a> <span data-icon="5" aria-hidden="true" class="globalNavArrow"></span> <div id="subcategoryLink_1597113_1598862_2196697" class="subcategoryMenu" role="menu" data-parent="departmentMenu_1597113_1598862" style="top:0"> <ul id="subcategoryList" class="subcategoryList"> <li class="mobileNavBackButtons" onclick="toggle(document.getElementById(&quot;subcategoryLink_1597113_1598862_2196697&quot;)),setUpMobileBurgerMenu(this,&quot;subcategoryLink_1597113_1598862_2196697&quot;)"> <span data-icon="4" aria-hidden="true" class="mobileBackArrow"></span> <a class="mobileBackLink" tabindex="22"> <span class="menuItemLabel lowerLevelMenuListItem">sexual health</span> </a> </li> <li> <a id="categoryLink_1597113_1598862_2196697" name="Supermenu:Inspire Me:health:View all sexual health" onfocus="addBackgroundColourOnFocus(this)" onclick="analyticsJS.headObjectEventGtm(&quot;Inspire Me : health : visit sexual health&quot;)" onblur="removeBackgroundColourOnFocus(this)" href="https://www.boots.com/health/sexual-health-advice" tabindex="22" class="viewAllHeader"> <p class="subcategoryLinkOutput"><span class="menuItemLabel lowerLevelMenuListItem">visit&nbsp;sexual health</span></p> </a> </li> </ul> </div> </li> <li class="categoryMenuListItem"> <a id="categoryLink_1597113_1598862_2227182" onfocus="addBackgroundColourOnFocus(this)" onblur="removeBackgroundColourOnFocus(this)" aria-label="link" href="javascript:;" name="Supermenu:Inspire Me:health:skincare" title="skincare" class="menuLink categoryLinkItem anchorDataToggle" role="menuitem" data-toggle="subcategoryLink_1597113_1598862_2227182" tabindex="21"> <p class="categoryLinkOutput"><span class="menuItemLabel lowerLevelMenuListItem">skincare</span></p> </a> <span data-icon="5" aria-hidden="true" class="globalNavArrow"></span> <div id="subcategoryLink_1597113_1598862_2227182" class="subcategoryMenu" role="menu" data-parent="departmentMenu_1597113_1598862" style="top:0"> <ul id="subcategoryList" class="subcategoryList"> <li class="mobileNavBackButtons" onclick="toggle(document.getElementById(&quot;subcategoryLink_1597113_1598862_2227182&quot;)),setUpMobileBurgerMenu(this,&quot;subcategoryLink_1597113_1598862_2227182&quot;)"> <span data-icon="4" aria-hidden="true" class="mobileBackArrow"></span> <a class="mobileBackLink" tabindex="22"> <span class="menuItemLabel lowerLevelMenuListItem">skincare</span> </a> </li> <li> <a id="categoryLink_1597113_1598862_2227182" name="Supermenu:Inspire Me:health:View all skincare" onfocus="addBackgroundColourOnFocus(this)" onclick="analyticsJS.headObjectEventGtm(&quot;Inspire Me : health : visit skincare&quot;)" onblur="removeBackgroundColourOnFocus(this)" href="https://www.boots.com/health/skincare-information" tabindex="22" class="viewAllHeader"> <p class="subcategoryLinkOutput"><span class="menuItemLabel lowerLevelMenuListItem">visit&nbsp;skincare</span></p> </a> </li> </ul> </div> </li> <li class="categoryMenuListItem"> <a id="categoryLink_1597113_1598862_1843197" onfocus="addBackgroundColourOnFocus(this)" onblur="removeBackgroundColourOnFocus(this)" aria-label="link" href="javascript:;" name="Supermenu:Inspire Me:health:travel advice" title="travel advice" class="menuLink categoryLinkItem anchorDataToggle" role="menuitem" data-toggle="subcategoryLink_1597113_1598862_1843197" tabindex="21"> <p class="categoryLinkOutput"><span class="menuItemLabel lowerLevelMenuListItem">travel advice</span></p> </a> <span data-icon="5" aria-hidden="true" class="globalNavArrow"></span> <div id="subcategoryLink_1597113_1598862_1843197" class="subcategoryMenu" role="menu" data-parent="departmentMenu_1597113_1598862" style="top:0"> <ul id="subcategoryList" class="subcategoryList"> <li class="mobileNavBackButtons" onclick="toggle(document.getElementById(&quot;subcategoryLink_1597113_1598862_1843197&quot;)),setUpMobileBurgerMenu(this,&quot;subcategoryLink_1597113_1598862_1843197&quot;)"> <span data-icon="4" aria-hidden="true" class="mobileBackArrow"></span> <a class="mobileBackLink" tabindex="22"> <span class="menuItemLabel lowerLevelMenuListItem">travel advice</span> </a> </li> <li> <a id="categoryLink_1597113_1598862_1843197" name="Supermenu:Inspire Me:health:View all travel advice" onfocus="addBackgroundColourOnFocus(this)" onclick="analyticsJS.headObjectEventGtm(&quot;Inspire Me : health : visit travel advice&quot;)" onblur="removeBackgroundColourOnFocus(this)" href="https://www.boots.com/health/travel-advice" tabindex="22" class="viewAllHeader"> <p class="subcategoryLinkOutput"><span class="menuItemLabel lowerLevelMenuListItem">visit&nbsp;travel advice</span></p> </a> </li> </ul> </div> </li> <li class="categoryMenuListItem"> <a id="categoryLink_1597113_1598862_1866186" onfocus="addBackgroundColourOnFocus(this)" onblur="removeBackgroundColourOnFocus(this)" aria-label="link" href="javascript:;" name="Supermenu:Inspire Me:health:vitamins &amp; supplements" title="vitamins &amp; supplements" class="menuLink categoryLinkItem anchorDataToggle" role="menuitem" data-toggle="subcategoryLink_1597113_1598862_1866186" tabindex="21"> <p class="categoryLinkOutput"><span class="menuItemLabel lowerLevelMenuListItem">vitamins &amp; supplements</span></p> </a> <span data-icon="5" aria-hidden="true" class="globalNavArrow"></span> <div id="subcategoryLink_1597113_1598862_1866186" class="subcategoryMenu" role="menu" data-parent="departmentMenu_1597113_1598862" style="top:0"> <ul id="subcategoryList" class="subcategoryList"> <li class="mobileNavBackButtons" onclick="toggle(document.getElementById(&quot;subcategoryLink_1597113_1598862_1866186&quot;)),setUpMobileBurgerMenu(this,&quot;subcategoryLink_1597113_1598862_1866186&quot;)"> <span data-icon="4" aria-hidden="true" class="mobileBackArrow"></span> <a class="mobileBackLink" tabindex="22"> <span class="menuItemLabel lowerLevelMenuListItem">vitamins &amp; supplements</span> </a> </li> <li> <a id="categoryLink_1597113_1598862_1866186" name="Supermenu:Inspire Me:health:View all vitamins &amp; supplements" onfocus="addBackgroundColourOnFocus(this)" onclick="analyticsJS.headObjectEventGtm(&quot;Inspire Me : health : visit vitamins &amp; supplements&quot;)" onblur="removeBackgroundColourOnFocus(this)" href="https://www.boots.com/health/vitamins-advice" tabindex="22" class="viewAllHeader"> <p class="subcategoryLinkOutput"><span class="menuItemLabel lowerLevelMenuListItem">visit&nbsp;vitamins &amp; supplements</span></p> </a> </li> </ul> </div> </li> <li class="categoryMenuListItem"> <a id="categoryLink_1597113_1598862_2157697" onfocus="addBackgroundColourOnFocus(this)" onblur="removeBackgroundColourOnFocus(this)" aria-label="link" href="javascript:;" name="Supermenu:Inspire Me:health:women's health" title="women's health" class="menuLink categoryLinkItem anchorDataToggle" role="menuitem" data-toggle="subcategoryLink_1597113_1598862_2157697" tabindex="21"> <p class="categoryLinkOutput"><span class="menuItemLabel lowerLevelMenuListItem">women's health</span></p> </a> <span data-icon="5" aria-hidden="true" class="globalNavArrow"></span> <div id="subcategoryLink_1597113_1598862_2157697" class="subcategoryMenu" role="menu" data-parent="departmentMenu_1597113_1598862" style="top:0"> <ul id="subcategoryList" class="subcategoryList"> <li class="mobileNavBackButtons" onclick="toggle(document.getElementById(&quot;subcategoryLink_1597113_1598862_2157697&quot;)),setUpMobileBurgerMenu(this,&quot;subcategoryLink_1597113_1598862_2157697&quot;)"> <span data-icon="4" aria-hidden="true" class="mobileBackArrow"></span> <a class="mobileBackLink" tabindex="22"> <span class="menuItemLabel lowerLevelMenuListItem">women's health</span> </a> </li> <li> <a id="categoryLink_1597113_1598862_2157697" name="Supermenu:Inspire Me:health:View all women's health" onfocus="addBackgroundColourOnFocus(this)" onclick="analyticsJS.headObjectEventGtm('Inspire Me : health : visit women's health' );" onblur="removeBackgroundColourOnFocus(this)" href="https://www.boots.com/health/womens-health-advice" tabindex="22" class="viewAllHeader"> <p class="subcategoryLinkOutput"><span class="menuItemLabel lowerLevelMenuListItem">visit&nbsp;women's health</span></p> </a> </li> </ul> </div> </li> </ul> </div> </li> <li class="departmentMenuListItem"> <a id="departmentLink_2931688" onfocus="addBackgroundColourOnFocus(this)" onblur="removeBackgroundColourOnFocus(this)" name="Supermenu:Inspire Me:skincare diagnostic tool" title="skincare diagnostic tool" href="https://www.boots.com/skincare-diagnostic-tool" class="4 link menuLink departmentLinkItem anchorDataToggle" data-toggle="departmentList" onclick="analyticsJS.headObjectEventGtm(&quot;Inspire Me:skincare diagnostic tool&quot;)" role="menuitem" tabindex="20" aria-label="link"> <p class="departmentLinkOutput"><span class="menuItemLabel lowerLevelMenuListItem">skincare diagnostic tool</span></p> </a> <span data-icon="5" aria-hidden="true" class="globalNavArrow hide" id="departmenrGlobalNavArrow"></span> <div id="departmentMenu_1597113_2931688" class="departmentMenu departmentList" data-parent="departmentMenu" data-id="2931688" aria-label="skincare diagnostic tool" style="top:65px" data-espot-show="ESpot_skincare-diagnostic-tool"> </div> </li> <li class="departmentMenuListItem"> <a id="departmentLink_2465180" onfocus="addBackgroundColourOnFocus(this)" onblur="removeBackgroundColourOnFocus(this)" name="Supermenu:Inspire Me:Christmas gift guide" title="Christmas gift guide" href="javascript:;" class="5 link menuLink departmentLinkItem anchorDataToggle" data-toggle="departmentMenu_1597113_2465180" role="menuitem" tabindex="20" aria-label="link, collapsed content"> <p class="departmentLinkOutput"><span class="menuItemLabel lowerLevelMenuListItem">Christmas gift guide</span></p> </a> <span data-icon="5" aria-hidden="true" class="globalNavArrow" id="departmenrGlobalNavArrow"></span> <div id="departmentMenu_1597113_2465180" class="departmentMenu departmentList" role="menu" data-parent="departmentMenu" data-id="2465180" aria-label="Christmas gift guide" style="top:65px" data-espot-show="ESpot_christmas-gift-guide"> <ul id="catergoryList" class="categoryList" data-parent="departmentMenu" data-toggle="departmentMenu_1597113_2465180" style="top:-65px"> <li class="mobileNavBackButtons" onclick="toggle(document.getElementById(&quot;departmentMenu_1597113_2465180&quot;)),setUpMobileBurgerMenu(this,&quot;catergoryList&quot;)"> <span data-icon="4" aria-hidden="true" class="mobileBackArrow"></span> <a class="mobileBackLink" tabindex="21"> <span class="menuItemLabel lowerLevelMenuListItem">Christmas gift guide</span> </a> </li> <li class="categoryMenuListItem"> <a id="departmentLink_2465180_view_all" onfocus="addBackgroundColourOnFocus(this)" onblur="removeBackgroundColourOnFocus(this)" onclick="analyticsJS.headObjectEventGtm(&quot;Inspire Me : visit Christmas gift guide&quot;)" name="Supermenu:Inspire Me:View all Christmas gift guide" href="https://www.boots.com/christmas-gift-guide" class="viewAllHeader" role="menuitem" tabindex="21" data-toggle="subcategoryMenu"> <p class="categoryLinkOutput"><span class="menuItemLabel lowerLevelMenuListItem">visit&nbsp;christmas gift guide</span></p> </a> </li> <li class="categoryMenuListItem"> <a id="categoryLink_1597113_2465180_3339682" onfocus="addBackgroundColourOnFocus(this)" onblur="removeBackgroundColourOnFocus(this)" aria-label="link" href="https://www.boots.com/christmas-gift-guide/new-and-trending-gifts" name="Supermenu:Inspire Me:Christmas gift guide:sleigh your Christmas gifting with these NEW &amp; trending beauty picks" title="sleigh your Christmas gifting with these NEW &amp; trending beauty picks" class="menuLink categoryLinkItem anchorDataToggle" role="menuitem" data-toggle="subcategoryMenu" onclick="analyticsJS.headObjectEventGtm(&quot;Inspire Me:Christmas gift guide:sleigh your Christmas gifting with these NEW &amp; trending beauty picks&quot;)" tabindex="21"> <p class="categoryLinkOutput"><span class="menuItemLabel lowerLevelMenuListItem">sleigh your Christmas gifting with these NEW &amp; trending beauty picks</span></p> </a> <span data-icon="5" aria-hidden="true" class="globalNavArrow hide"></span> <div id="subcategoryLink_1597113_2465180_3339682" class="subcategoryMenu" data-parent="departmentMenu_1597113_2465180" style="top:0"> </div> </li> <li class="categoryMenuListItem"> <a id="categoryLink_1597113_2465180_3330689" onfocus="addBackgroundColourOnFocus(this)" onblur="removeBackgroundColourOnFocus(this)" aria-label="link" href="https://www.boots.com/christmas-gift-guide/gifts-by-interest" name="Supermenu:Inspire Me:Christmas gift guide:a grotto full of Christmas gifts for every interest" title="a grotto full of Christmas gifts for every interest" class="menuLink categoryLinkItem anchorDataToggle" role="menuitem" data-toggle="subcategoryMenu" onclick="analyticsJS.headObjectEventGtm(&quot;Inspire Me:Christmas gift guide:a grotto full of Christmas gifts for every interest&quot;)" tabindex="21"> <p class="categoryLinkOutput"><span class="menuItemLabel lowerLevelMenuListItem">a grotto full of Christmas gifts for every interest</span></p> </a> <span data-icon="5" aria-hidden="true" class="globalNavArrow hide"></span> <div id="subcategoryLink_1597113_2465180_3330689" class="subcategoryMenu" data-parent="departmentMenu_1597113_2465180" style="top:0"> </div> </li> <li class="categoryMenuListItem"> <a id="categoryLink_1597113_2465180_3330685" onfocus="addBackgroundColourOnFocus(this)" onblur="removeBackgroundColourOnFocus(this)" aria-label="link" href="https://www.boots.com/christmas-gift-guide/5-and-under" name="Supermenu:Inspire Me:Christmas gift guide:best Christmas gifts for £5 &amp; under: small budgets, big joy" title="best Christmas gifts for £5 &amp; under: small budgets, big joy" class="menuLink categoryLinkItem anchorDataToggle" role="menuitem" data-toggle="subcategoryMenu" onclick="analyticsJS.headObjectEventGtm(&quot;Inspire Me:Christmas gift guide:best Christmas gifts for £5 &amp; under: small budgets, big joy&quot;)" tabindex="21"> <p class="categoryLinkOutput"><span class="menuItemLabel lowerLevelMenuListItem">best Christmas gifts for £5 &amp; under: small budgets, big joy</span></p> </a> <span data-icon="5" aria-hidden="true" class="globalNavArrow hide"></span> <div id="subcategoryLink_1597113_2465180_3330685" class="subcategoryMenu" data-parent="departmentMenu_1597113_2465180" style="top:0"> </div> </li> <li class="categoryMenuListItem"> <a id="categoryLink_1597113_2465180_2472686" onfocus="addBackgroundColourOnFocus(this)" onblur="removeBackgroundColourOnFocus(this)" aria-label="link" href="https://www.boots.com/christmas-gift-guide/10-and-under" name="Supermenu:Inspire Me:Christmas gift guide:Christmas gifts for £10 &amp; under: save &amp; sleigh this season" title="Christmas gifts for £10 &amp; under: save &amp; sleigh this season" class="menuLink categoryLinkItem anchorDataToggle" role="menuitem" data-toggle="subcategoryMenu" onclick="analyticsJS.headObjectEventGtm(&quot;Inspire Me:Christmas gift guide:Christmas gifts for £10 &amp; under: save &amp; sleigh this season&quot;)" tabindex="21"> <p class="categoryLinkOutput"><span class="menuItemLabel lowerLevelMenuListItem">Christmas gifts for £10 &amp; under: save &amp; sleigh this season</span></p> </a> <span data-icon="5" aria-hidden="true" class="globalNavArrow hide"></span> <div id="subcategoryLink_1597113_2465180_2472686" class="subcategoryMenu" data-parent="departmentMenu_1597113_2465180" style="top:0"> </div> </li> <li class="categoryMenuListItem"> <a id="categoryLink_1597113_2465180_3330686" onfocus="addBackgroundColourOnFocus(this)" onblur="removeBackgroundColourOnFocus(this)" aria-label="link" href="https://www.boots.com/christmas-gift-guide/15-and-under" name="Supermenu:Inspire Me:Christmas gift guide:Christmas gifts for £15 &amp; under: get festive season sorted" title="Christmas gifts for £15 &amp; under: get festive season sorted" class="menuLink categoryLinkItem anchorDataToggle" role="menuitem" data-toggle="subcategoryMenu" onclick="analyticsJS.headObjectEventGtm(&quot;Inspire Me:Christmas gift guide:Christmas gifts for £15 &amp; under: get festive season sorted&quot;)" tabindex="21"> <p class="categoryLinkOutput"><span class="menuItemLabel lowerLevelMenuListItem">Christmas gifts for £15 &amp; under: get festive season sorted</span></p> </a> <span data-icon="5" aria-hidden="true" class="globalNavArrow hide"></span> <div id="subcategoryLink_1597113_2465180_3330686" class="subcategoryMenu" data-parent="departmentMenu_1597113_2465180" style="top:0"> </div> </li> <li class="categoryMenuListItem"> <a id="categoryLink_1597113_2465180_2472687" onfocus="addBackgroundColourOnFocus(this)" onblur="removeBackgroundColourOnFocus(this)" aria-label="link" href="https://www.boots.com/christmas-gift-guide/20-and-under" name="Supermenu:Inspire Me:Christmas gift guide:top Christmas gifts for £20 &amp; under: 'tis the season for saving" title="top Christmas gifts for £20 &amp; under: 'tis the season for saving" class="menuLink categoryLinkItem anchorDataToggle" role="menuitem" data-toggle="subcategoryMenu" onclick="analyticsJS.headObjectEventGtm('Inspire Me:Christmas gift guide:top Christmas gifts for £20 &amp; under: 'tis the season for saving' );" tabindex="21"> <p class="categoryLinkOutput"><span class="menuItemLabel lowerLevelMenuListItem">top Christmas gifts for £20 &amp; under: 'tis the season for saving</span></p> </a> <span data-icon="5" aria-hidden="true" class="globalNavArrow hide"></span> <div id="subcategoryLink_1597113_2465180_2472687" class="subcategoryMenu" data-parent="departmentMenu_1597113_2465180" style="top:0"> </div> </li> <li class="categoryMenuListItem"> <a id="categoryLink_1597113_2465180_2472688" onfocus="addBackgroundColourOnFocus(this)" onblur="removeBackgroundColourOnFocus(this)" aria-label="link" href="https://www.boots.com/christmas-gift-guide/30-and-under" name="Supermenu:Inspire Me:Christmas gift guide:best Christmas gifts for £30 &amp; under: check off everyone on your list" title="best Christmas gifts for £30 &amp; under: check off everyone on your list" class="menuLink categoryLinkItem anchorDataToggle" role="menuitem" data-toggle="subcategoryMenu" onclick="analyticsJS.headObjectEventGtm(&quot;Inspire Me:Christmas gift guide:best Christmas gifts for £30 &amp; under: check off everyone on your list&quot;)" tabindex="21"> <p class="categoryLinkOutput"><span class="menuItemLabel lowerLevelMenuListItem">best Christmas gifts for £30 &amp; under: check off everyone on your list</span></p> </a> <span data-icon="5" aria-hidden="true" class="globalNavArrow hide"></span> <div id="subcategoryLink_1597113_2465180_2472688" class="subcategoryMenu" data-parent="departmentMenu_1597113_2465180" style="top:0"> </div> </li> <li class="categoryMenuListItem"> <a id="categoryLink_1597113_2465180_3378682" onfocus="addBackgroundColourOnFocus(this)" onblur="removeBackgroundColourOnFocus(this)" aria-label="link" href="https://www.boots.com/christmas-gift-guide/last-minute-gifts" name="Supermenu:Inspire Me:Christmas gift guide:the best last-minute Christmas gifts 2024" title="the best last-minute Christmas gifts 2024" class="menuLink categoryLinkItem anchorDataToggle" role="menuitem" data-toggle="subcategoryMenu" onclick="analyticsJS.headObjectEventGtm(&quot;Inspire Me:Christmas gift guide:the best last-minute Christmas gifts 2024&quot;)" tabindex="21"> <p class="categoryLinkOutput"><span class="menuItemLabel lowerLevelMenuListItem">the best last-minute Christmas gifts 2024</span></p> </a> <span data-icon="5" aria-hidden="true" class="globalNavArrow hide"></span> <div id="subcategoryLink_1597113_2465180_3378682" class="subcategoryMenu" data-parent="departmentMenu_1597113_2465180" style="top:0"> </div> </li> <li class="categoryMenuListItem"> <a id="categoryLink_1597113_2465180_2465199" onfocus="addBackgroundColourOnFocus(this)" onblur="removeBackgroundColourOnFocus(this)" aria-label="link" href="https://www.boots.com/christmas-gift-guide/stocking-filler-gifts" name="Supermenu:Inspire Me:Christmas gift guide:the perfect Christmas stocking fillers" title="the perfect Christmas stocking fillers" class="menuLink categoryLinkItem anchorDataToggle" role="menuitem" data-toggle="subcategoryMenu" onclick="analyticsJS.headObjectEventGtm(&quot;Inspire Me:Christmas gift guide:the perfect Christmas stocking fillers&quot;)" tabindex="21"> <p class="categoryLinkOutput"><span class="menuItemLabel lowerLevelMenuListItem">the perfect Christmas stocking fillers</span></p> </a> <span data-icon="5" aria-hidden="true" class="globalNavArrow hide"></span> <div id="subcategoryLink_1597113_2465180_2465199" class="subcategoryMenu" data-parent="departmentMenu_1597113_2465180" style="top:0"> </div> </li> <li class="categoryMenuListItem"> <a id="categoryLink_1597113_2465180_2465198" onfocus="addBackgroundColourOnFocus(this)" onblur="removeBackgroundColourOnFocus(this)" aria-label="link" href="https://www.boots.com/christmas-gift-guide/secret-santa-gifts" name="Supermenu:Inspire Me:Christmas gift guide:our best Secret Santa gifts for colleagues, friends or family" title="our best Secret Santa gifts for colleagues, friends or family" class="menuLink categoryLinkItem anchorDataToggle" role="menuitem" data-toggle="subcategoryMenu" onclick="analyticsJS.headObjectEventGtm(&quot;Inspire Me:Christmas gift guide:our best Secret Santa gifts for colleagues, friends or family&quot;)" tabindex="21"> <p class="categoryLinkOutput"><span class="menuItemLabel lowerLevelMenuListItem">our best Secret Santa gifts for colleagues, friends or family</span></p> </a> <span data-icon="5" aria-hidden="true" class="globalNavArrow hide"></span> <div id="subcategoryLink_1597113_2465180_2465198" class="subcategoryMenu" data-parent="departmentMenu_1597113_2465180" style="top:0"> </div> </li> <li class="categoryMenuListItem"> <a id="categoryLink_1597113_2465180_3133194" onfocus="addBackgroundColourOnFocus(this)" onblur="removeBackgroundColourOnFocus(this)" aria-label="link" href="https://www.boots.com/christmas-gift-guide/christmas-gift-inspiration-for-her" name="Supermenu:Inspire Me:Christmas gift guide:best Christmas gifts for her: tick off all the ladies on your list" title="best Christmas gifts for her: tick off all the ladies on your list" class="menuLink categoryLinkItem anchorDataToggle" role="menuitem" data-toggle="subcategoryMenu" onclick="analyticsJS.headObjectEventGtm(&quot;Inspire Me:Christmas gift guide:best Christmas gifts for her: tick off all the ladies on your list&quot;)" tabindex="21"> <p class="categoryLinkOutput"><span class="menuItemLabel lowerLevelMenuListItem">best Christmas gifts for her: tick off all the ladies on your list</span></p> </a> <span data-icon="5" aria-hidden="true" class="globalNavArrow hide"></span> <div id="subcategoryLink_1597113_2465180_3133194" class="subcategoryMenu" data-parent="departmentMenu_1597113_2465180" style="top:0"> </div> </li> <li class="categoryMenuListItem"> <a id="categoryLink_1597113_2465180_3134188" onfocus="addBackgroundColourOnFocus(this)" onblur="removeBackgroundColourOnFocus(this)" aria-label="link" href="https://www.boots.com/christmas-gift-guide/christmas-gift-inspiration-for-him" name="Supermenu:Inspire Me:Christmas gift guide:tick off your list with our best-in-snow gifts for him" title="tick off your list with our best-in-snow gifts for him" class="menuLink categoryLinkItem anchorDataToggle" role="menuitem" data-toggle="subcategoryMenu" onclick="analyticsJS.headObjectEventGtm(&quot;Inspire Me:Christmas gift guide:tick off your list with our best-in-snow gifts for him&quot;)" tabindex="21"> <p class="categoryLinkOutput"><span class="menuItemLabel lowerLevelMenuListItem">tick off your list with our best-in-snow gifts for him</span></p> </a> <span data-icon="5" aria-hidden="true" class="globalNavArrow hide"></span> <div id="subcategoryLink_1597113_2465180_3134188" class="subcategoryMenu" data-parent="departmentMenu_1597113_2465180" style="top:0"> </div> </li> <li class="categoryMenuListItem"> <a id="categoryLink_1597113_2465180_3335182" onfocus="addBackgroundColourOnFocus(this)" onblur="removeBackgroundColourOnFocus(this)" aria-label="link" href="https://www.boots.com/christmas-gift-guide/christmas-gift-inspiration-for-kids" name="Supermenu:Inspire Me:Christmas gift guide:best Christmas gifts for kids: sprinkle the magic, no matter the budget" title="best Christmas gifts for kids: sprinkle the magic, no matter the budget" class="menuLink categoryLinkItem anchorDataToggle" role="menuitem" data-toggle="subcategoryMenu" onclick="analyticsJS.headObjectEventGtm(&quot;Inspire Me:Christmas gift guide:best Christmas gifts for kids: sprinkle the magic, no matter the budget&quot;)" tabindex="21"> <p class="categoryLinkOutput"><span class="menuItemLabel lowerLevelMenuListItem">best Christmas gifts for kids: sprinkle the magic, no matter the budget</span></p> </a> <span data-icon="5" aria-hidden="true" class="globalNavArrow hide"></span> <div id="subcategoryLink_1597113_2465180_3335182" class="subcategoryMenu" data-parent="departmentMenu_1597113_2465180" style="top:0"> </div> </li> <li class="categoryMenuListItem"> <a id="categoryLink_1597113_2465180_3137190" onfocus="addBackgroundColourOnFocus(this)" onblur="removeBackgroundColourOnFocus(this)" aria-label="link" href="https://www.boots.com/christmas-gift-guide/christmas-gifts-for-mums" name="Supermenu:Inspire Me:Christmas gift guide:11 Christmas gifts for mum, whatever your budget" title="11 Christmas gifts for mum, whatever your budget" class="menuLink categoryLinkItem anchorDataToggle" role="menuitem" data-toggle="subcategoryMenu" onclick="analyticsJS.headObjectEventGtm(&quot;Inspire Me:Christmas gift guide:11 Christmas gifts for mum, whatever your budget&quot;)" tabindex="21"> <p class="categoryLinkOutput"><span class="menuItemLabel lowerLevelMenuListItem">11 Christmas gifts for mum, whatever your budget</span></p> </a> <span data-icon="5" aria-hidden="true" class="globalNavArrow hide"></span> <div id="subcategoryLink_1597113_2465180_3137190" class="subcategoryMenu" data-parent="departmentMenu_1597113_2465180" style="top:0"> </div> </li> <li class="categoryMenuListItem"> <a id="categoryLink_1597113_2465180_3134185" onfocus="addBackgroundColourOnFocus(this)" onblur="removeBackgroundColourOnFocus(this)" aria-label="link" href="https://www.boots.com/christmas-gift-guide/christmas-gifts-for-dads" name="Supermenu:Inspire Me:Christmas gift guide:10 best Christmas gifts for dads" title="10 best Christmas gifts for dads" class="menuLink categoryLinkItem anchorDataToggle" role="menuitem" data-toggle="subcategoryMenu" onclick="analyticsJS.headObjectEventGtm(&quot;Inspire Me:Christmas gift guide:10 best Christmas gifts for dads&quot;)" tabindex="21"> <p class="categoryLinkOutput"><span class="menuItemLabel lowerLevelMenuListItem">10 best Christmas gifts for dads</span></p> </a> <span data-icon="5" aria-hidden="true" class="globalNavArrow hide"></span> <div id="subcategoryLink_1597113_2465180_3134185" class="subcategoryMenu" data-parent="departmentMenu_1597113_2465180" style="top:0"> </div> </li> <li class="categoryMenuListItem"> <a id="categoryLink_1597113_2465180_3339184" onfocus="addBackgroundColourOnFocus(this)" onblur="removeBackgroundColourOnFocus(this)" aria-label="link" href="https://www.boots.com/christmas-gift-guide/inspiration-get-the-look" name="Supermenu:Inspire Me:Christmas gift guide:‘tis the season to sparkle: party make-up tutorial" title="‘tis the season to sparkle: party make-up tutorial" class="menuLink categoryLinkItem anchorDataToggle" role="menuitem" data-toggle="subcategoryMenu" onclick="analyticsJS.headObjectEventGtm(&quot;Inspire Me:Christmas gift guide:‘tis the season to sparkle: party make-up tutorial&quot;)" tabindex="21"> <p class="categoryLinkOutput"><span class="menuItemLabel lowerLevelMenuListItem">‘tis the season to sparkle: party make-up tutorial</span></p> </a> <span data-icon="5" aria-hidden="true" class="globalNavArrow hide"></span> <div id="subcategoryLink_1597113_2465180_3339184" class="subcategoryMenu" data-parent="departmentMenu_1597113_2465180" style="top:0"> </div> </li> <li class="categoryMenuListItem"> <a id="categoryLink_1597113_2465180_3339186" onfocus="addBackgroundColourOnFocus(this)" onblur="removeBackgroundColourOnFocus(this)" aria-label="link" href="https://www.boots.com/christmas-gift-guide/inspiration-christmas-skincare" name="Supermenu:Inspire Me:Christmas gift guide:get them glow-ho-ho-ing this season: the best Christmas skincare gifts" title="get them glow-ho-ho-ing this season: the best Christmas skincare gifts" class="menuLink categoryLinkItem anchorDataToggle" role="menuitem" data-toggle="subcategoryMenu" onclick="analyticsJS.headObjectEventGtm(&quot;Inspire Me:Christmas gift guide:get them glow-ho-ho-ing this season: the best Christmas skincare gifts&quot;)" tabindex="21"> <p class="categoryLinkOutput"><span class="menuItemLabel lowerLevelMenuListItem">get them glow-ho-ho-ing this season: the best Christmas skincare gifts</span></p> </a> <span data-icon="5" aria-hidden="true" class="globalNavArrow hide"></span> <div id="subcategoryLink_1597113_2465180_3339186" class="subcategoryMenu" data-parent="departmentMenu_1597113_2465180" style="top:0"> </div> </li> <li class="categoryMenuListItem"> <a id="categoryLink_1597113_2465180_3331187" onfocus="addBackgroundColourOnFocus(this)" onblur="removeBackgroundColourOnFocus(this)" aria-label="link" href="https://www.boots.com/christmas-gift-guide/charity-gifts" name="Supermenu:Inspire Me:Christmas gift guide:presents with a purpose: alternative Christmas gift ideas" title="presents with a purpose: alternative Christmas gift ideas" class="menuLink categoryLinkItem anchorDataToggle" role="menuitem" data-toggle="subcategoryMenu" onclick="analyticsJS.headObjectEventGtm(&quot;Inspire Me:Christmas gift guide:presents with a purpose: alternative Christmas gift ideas&quot;)" tabindex="21"> <p class="categoryLinkOutput"><span class="menuItemLabel lowerLevelMenuListItem">presents with a purpose: alternative Christmas gift ideas</span></p> </a> <span data-icon="5" aria-hidden="true" class="globalNavArrow hide"></span> <div id="subcategoryLink_1597113_2465180_3331187" class="subcategoryMenu" data-parent="departmentMenu_1597113_2465180" style="top:0"> </div> </li> <li class="categoryMenuListItem"> <a id="categoryLink_1597113_2465180_3375186" onfocus="addBackgroundColourOnFocus(this)" onblur="removeBackgroundColourOnFocus(this)" aria-label="link" href="https://www.boots.com/christmas-gift-guide/christmas-gift-ideas-for-her" name="Supermenu:Inspire Me:Christmas gift guide:sleigh the season with our go-to gift guide for her" title="sleigh the season with our go-to gift guide for her" class="menuLink categoryLinkItem anchorDataToggle" role="menuitem" data-toggle="subcategoryMenu" onclick="analyticsJS.headObjectEventGtm(&quot;Inspire Me:Christmas gift guide:sleigh the season with our go-to gift guide for her&quot;)" tabindex="21"> <p class="categoryLinkOutput"><span class="menuItemLabel lowerLevelMenuListItem">sleigh the season with our go-to gift guide for her</span></p> </a> <span data-icon="5" aria-hidden="true" class="globalNavArrow hide"></span> <div id="subcategoryLink_1597113_2465180_3375186" class="subcategoryMenu" data-parent="departmentMenu_1597113_2465180" style="top:0"> </div> </li> <li class="categoryMenuListItem"> <a id="categoryLink_1597113_2465180_3367688" onfocus="addBackgroundColourOnFocus(this)" onblur="removeBackgroundColourOnFocus(this)" aria-label="link" href="https://www.boots.com/christmas-gift-guide/gift-guide-top-picks" name="Supermenu:Inspire Me:Christmas gift guide:unwrap the best gifts of 2024: our top picks from the Boots Christmas Gift Guide" title="unwrap the best gifts of 2024: our top picks from the Boots Christmas Gift Guide" class="menuLink categoryLinkItem anchorDataToggle" role="menuitem" data-toggle="subcategoryMenu" onclick="analyticsJS.headObjectEventGtm(&quot;Inspire Me:Christmas gift guide:unwrap the best gifts of 2024: our top picks from the Boots Christmas Gift Guide&quot;)" tabindex="21"> <p class="categoryLinkOutput"><span class="menuItemLabel lowerLevelMenuListItem">unwrap the best gifts of 2024: our top picks from the Boots Christmas Gift Guide</span></p> </a> <span data-icon="5" aria-hidden="true" class="globalNavArrow hide"></span> <div id="subcategoryLink_1597113_2465180_3367688" class="subcategoryMenu" data-parent="departmentMenu_1597113_2465180" style="top:0"> </div> </li> <li class="categoryMenuListItem"> <a id="categoryLink_1597113_2465180_3375188" onfocus="addBackgroundColourOnFocus(this)" onblur="removeBackgroundColourOnFocus(this)" aria-label="link" href="https://www.boots.com/christmas-gift-guide/christmas-stocking-fillers" name="Supermenu:Inspire Me:Christmas gift guide:8 last-minute gifts for everyone on your list" title="8 last-minute gifts for everyone on your list" class="menuLink categoryLinkItem anchorDataToggle" role="menuitem" data-toggle="subcategoryMenu" onclick="analyticsJS.headObjectEventGtm(&quot;Inspire Me:Christmas gift guide:8 last-minute gifts for everyone on your list&quot;)" tabindex="21"> <p class="categoryLinkOutput"><span class="menuItemLabel lowerLevelMenuListItem">8 last-minute gifts for everyone on your list</span></p> </a> <span data-icon="5" aria-hidden="true" class="globalNavArrow hide"></span> <div id="subcategoryLink_1597113_2465180_3375188" class="subcategoryMenu" data-parent="departmentMenu_1597113_2465180" style="top:0"> </div> </li> <li class="categoryMenuListItem"> <a id="categoryLink_1597113_2465180_3358684" onfocus="addBackgroundColourOnFocus(this)" onblur="removeBackgroundColourOnFocus(this)" aria-label="link" href="https://www.boots.com/christmas-gift-guide/influencer-top-picks" name="Supermenu:Inspire Me:Christmas gift guide:influencers’ top beauty picks this Christmas" title="influencers’ top beauty picks this Christmas" class="menuLink categoryLinkItem anchorDataToggle" role="menuitem" data-toggle="subcategoryMenu" onclick="analyticsJS.headObjectEventGtm(&quot;Inspire Me:Christmas gift guide:influencers’ top beauty picks this Christmas&quot;)" tabindex="21"> <p class="categoryLinkOutput"><span class="menuItemLabel lowerLevelMenuListItem">influencers’ top beauty picks this Christmas</span></p> </a> <span data-icon="5" aria-hidden="true" class="globalNavArrow hide"></span> <div id="subcategoryLink_1597113_2465180_3358684" class="subcategoryMenu" data-parent="departmentMenu_1597113_2465180" style="top:0"> </div> </li> <li class="categoryMenuListItem"> <a id="categoryLink_1597113_2465180_3356698" onfocus="addBackgroundColourOnFocus(this)" onblur="removeBackgroundColourOnFocus(this)" aria-label="link" href="https://www.boots.com/christmas-gift-guide/beauty-gift-sets" name="Supermenu:Inspire Me:Christmas gift guide:deck the ‘hauls’ with our top 10 beauty gift sets" title="deck the ‘hauls’ with our top 10 beauty gift sets" class="menuLink categoryLinkItem anchorDataToggle" role="menuitem" data-toggle="subcategoryMenu" onclick="analyticsJS.headObjectEventGtm(&quot;Inspire Me:Christmas gift guide:deck the ‘hauls’ with our top 10 beauty gift sets&quot;)" tabindex="21"> <p class="categoryLinkOutput"><span class="menuItemLabel lowerLevelMenuListItem">deck the ‘hauls’ with our top 10 beauty gift sets</span></p> </a> <span data-icon="5" aria-hidden="true" class="globalNavArrow hide"></span> <div id="subcategoryLink_1597113_2465180_3356698" class="subcategoryMenu" data-parent="departmentMenu_1597113_2465180" style="top:0"> </div> </li> <li class="categoryMenuListItem"> <a id="categoryLink_1597113_2465180_3356185" onfocus="addBackgroundColourOnFocus(this)" onblur="removeBackgroundColourOnFocus(this)" aria-label="link" href="https://www.boots.com/christmas-gift-guide/accessible-gift-guide" name="Supermenu:Inspire Me:Christmas gift guide:accessible gift guide" title="accessible gift guide" class="menuLink categoryLinkItem anchorDataToggle" role="menuitem" data-toggle="subcategoryMenu" onclick="analyticsJS.headObjectEventGtm(&quot;Inspire Me:Christmas gift guide:accessible gift guide&quot;)" tabindex="21"> <p class="categoryLinkOutput"><span class="menuItemLabel lowerLevelMenuListItem">accessible gift guide</span></p> </a> <span data-icon="5" aria-hidden="true" class="globalNavArrow hide"></span> <div id="subcategoryLink_1597113_2465180_3356185" class="subcategoryMenu" data-parent="departmentMenu_1597113_2465180" style="top:0"> </div> </li> <li class="categoryMenuListItem"> <a id="categoryLink_1597113_2465180_3379684" onfocus="addBackgroundColourOnFocus(this)" onblur="removeBackgroundColourOnFocus(this)" aria-label="link" href="https://www.boots.com/christmas-gift-guide/christmas-gift-inspiration-for-teens" name="Supermenu:Inspire Me:Christmas gift guide:10 on-trend gifts for teens" title="10 on-trend gifts for teens" class="menuLink categoryLinkItem anchorDataToggle" role="menuitem" data-toggle="subcategoryMenu" onclick="analyticsJS.headObjectEventGtm(&quot;Inspire Me:Christmas gift guide:10 on-trend gifts for teens&quot;)" tabindex="21"> <p class="categoryLinkOutput"><span class="menuItemLabel lowerLevelMenuListItem">10 on-trend gifts for teens</span></p> </a> <span data-icon="5" aria-hidden="true" class="globalNavArrow hide"></span> <div id="subcategoryLink_1597113_2465180_3379684" class="subcategoryMenu" data-parent="departmentMenu_1597113_2465180" style="top:0"> </div> </li> <li class="categoryMenuListItem"> <a id="categoryLink_1597113_2465180_3384184" onfocus="addBackgroundColourOnFocus(this)" onblur="removeBackgroundColourOnFocus(this)" aria-label="link" href="https://www.boots.com/christmas-gift-guide/christmas-party-look" name="Supermenu:Inspire Me:Christmas gift guide:our recipe for the ultimate Christmas party look" title="our recipe for the ultimate Christmas party look" class="menuLink categoryLinkItem anchorDataToggle" role="menuitem" data-toggle="subcategoryMenu" onclick="analyticsJS.headObjectEventGtm(&quot;Inspire Me:Christmas gift guide:our recipe for the ultimate Christmas party look&quot;)" tabindex="21"> <p class="categoryLinkOutput"><span class="menuItemLabel lowerLevelMenuListItem">our recipe for the ultimate Christmas party look</span></p> </a> <span data-icon="5" aria-hidden="true" class="globalNavArrow hide"></span> <div id="subcategoryLink_1597113_2465180_3384184" class="subcategoryMenu" data-parent="departmentMenu_1597113_2465180" style="top:0"> </div> </li> <li class="categoryMenuListItem"> <a id="categoryLink_1597113_2465180_3384182" onfocus="addBackgroundColourOnFocus(this)" onblur="removeBackgroundColourOnFocus(this)" aria-label="link" href="https://www.boots.com/christmas-gift-guide/new-years-eve-party-prep" name="Supermenu:Inspire Me:Christmas gift guide:party prep: our step-by-step guide to nailing your New Year’s Eve look" title="party prep: our step-by-step guide to nailing your New Year’s Eve look" class="menuLink categoryLinkItem anchorDataToggle" role="menuitem" data-toggle="subcategoryMenu" onclick="analyticsJS.headObjectEventGtm(&quot;Inspire Me:Christmas gift guide:party prep: our step-by-step guide to nailing your New Year’s Eve look&quot;)" tabindex="21"> <p class="categoryLinkOutput"><span class="menuItemLabel lowerLevelMenuListItem">party prep: our step-by-step guide to nailing your New Year’s Eve look</span></p> </a> <span data-icon="5" aria-hidden="true" class="globalNavArrow hide"></span> <div id="subcategoryLink_1597113_2465180_3384182" class="subcategoryMenu" data-parent="departmentMenu_1597113_2465180" style="top:0"> </div> </li> </ul> </div> </li> <li class="departmentMenuListItem"> <a id="departmentLink_1598861" onfocus="addBackgroundColourOnFocus(this)" onblur="removeBackgroundColourOnFocus(this)" name="Supermenu:Inspire Me:fragrance" title="fragrance" href="javascript:;" class="6 link menuLink departmentLinkItem anchorDataToggle" data-toggle="departmentMenu_1597113_1598861" role="menuitem" tabindex="20" aria-label="link, collapsed content"> <p class="departmentLinkOutput"><span class="menuItemLabel lowerLevelMenuListItem">fragrance</span></p> </a> <span data-icon="5" aria-hidden="true" class="globalNavArrow" id="departmenrGlobalNavArrow"></span> <div id="departmentMenu_1597113_1598861" class="departmentMenu departmentList" role="menu" data-parent="departmentMenu" data-id="1598861" aria-label="fragrance" style="top:65px" data-espot-show="ESpot_fragrance-advice"> <ul id="catergoryList" class="categoryList" data-parent="departmentMenu" data-toggle="departmentMenu_1597113_1598861" style="top:-65px"> <li class="mobileNavBackButtons" onclick="toggle(document.getElementById(&quot;departmentMenu_1597113_1598861&quot;)),setUpMobileBurgerMenu(this,&quot;catergoryList&quot;)"> <span data-icon="4" aria-hidden="true" class="mobileBackArrow"></span> <a class="mobileBackLink" tabindex="21"> <span class="menuItemLabel lowerLevelMenuListItem">fragrance</span> </a> </li> <li class="categoryMenuListItem"> <a id="departmentLink_1598861_view_all" onfocus="addBackgroundColourOnFocus(this)" onblur="removeBackgroundColourOnFocus(this)" onclick="analyticsJS.headObjectEventGtm(&quot;Inspire Me : visit fragrance&quot;)" name="Supermenu:Inspire Me:View all fragrance" href="https://www.boots.com/fragrance-advice" class="viewAllHeader" role="menuitem" tabindex="21" data-toggle="subcategoryMenu"> <p class="categoryLinkOutput"><span class="menuItemLabel lowerLevelMenuListItem">visit&nbsp;fragrance</span></p> </a> </li> <li class="categoryMenuListItem"> <a id="categoryLink_1597113_1598861_3281204" onfocus="addBackgroundColourOnFocus(this)" onblur="removeBackgroundColourOnFocus(this)" aria-label="link" href="https://www.boots.com/fragrance-advice/how-to-choose-wedding-perfume" name="Supermenu:Inspire Me:fragrance:best wedding perfumes, according to a fragrance expert" title="best wedding perfumes, according to a fragrance expert" class="menuLink categoryLinkItem anchorDataToggle" role="menuitem" data-toggle="subcategoryMenu" onclick="analyticsJS.headObjectEventGtm(&quot;Inspire Me:fragrance:best wedding perfumes, according to a fragrance expert&quot;)" tabindex="21"> <p class="categoryLinkOutput"><span class="menuItemLabel lowerLevelMenuListItem">best wedding perfumes, according to a fragrance expert</span></p> </a> <span data-icon="5" aria-hidden="true" class="globalNavArrow hide"></span> <div id="subcategoryLink_1597113_1598861_3281204" class="subcategoryMenu" data-parent="departmentMenu_1597113_1598861" style="top:0"> </div> </li> <li class="categoryMenuListItem"> <a id="categoryLink_1597113_1598861_3017710" onfocus="addBackgroundColourOnFocus(this)" onblur="removeBackgroundColourOnFocus(this)" aria-label="link" href="https://www.boots.com/fragrance-advice/best-spring-fragrances" name="Supermenu:Inspire Me:fragrance:8 of the best spring fragrances that will attract all the compliments" title="8 of the best spring fragrances that will attract all the compliments" class="menuLink categoryLinkItem anchorDataToggle" role="menuitem" data-toggle="subcategoryMenu" onclick="analyticsJS.headObjectEventGtm(&quot;Inspire Me:fragrance:8 of the best spring fragrances that will attract all the compliments&quot;)" tabindex="21"> <p class="categoryLinkOutput"><span class="menuItemLabel lowerLevelMenuListItem">8 of the best spring fragrances that will attract all the compliments</span></p> </a> <span data-icon="5" aria-hidden="true" class="globalNavArrow hide"></span> <div id="subcategoryLink_1597113_1598861_3017710" class="subcategoryMenu" data-parent="departmentMenu_1597113_1598861" style="top:0"> </div> </li> <li class="categoryMenuListItem"> <a id="categoryLink_1597113_1598861_3016684" onfocus="addBackgroundColourOnFocus(this)" onblur="removeBackgroundColourOnFocus(this)" aria-label="link" href="https://www.boots.com/fragrance-advice/felicity-hayward-on-her-favourite-perfumes" name="Supermenu:Inspire Me:fragrance:felicity hayward: my life in fragrance" title="felicity hayward: my life in fragrance" class="menuLink categoryLinkItem anchorDataToggle" role="menuitem" data-toggle="subcategoryMenu" onclick="analyticsJS.headObjectEventGtm(&quot;Inspire Me:fragrance:felicity hayward: my life in fragrance&quot;)" tabindex="21"> <p class="categoryLinkOutput"><span class="menuItemLabel lowerLevelMenuListItem">felicity hayward: my life in fragrance</span></p> </a> <span data-icon="5" aria-hidden="true" class="globalNavArrow hide"></span> <div id="subcategoryLink_1597113_1598861_3016684" class="subcategoryMenu" data-parent="departmentMenu_1597113_1598861" style="top:0"> </div> </li> <li class="categoryMenuListItem"> <a id="categoryLink_1597113_1598861_1618609" onfocus="addBackgroundColourOnFocus(this)" onblur="removeBackgroundColourOnFocus(this)" aria-label="link" href="https://www.boots.com/fragrance-advice/how-to-buy-fragrance-online-advice" name="Supermenu:Inspire Me:fragrance:fragrance hints &amp; tips" title="fragrance hints &amp; tips" class="menuLink categoryLinkItem anchorDataToggle" role="menuitem" data-toggle="subcategoryMenu" onclick="analyticsJS.headObjectEventGtm(&quot;Inspire Me:fragrance:fragrance hints &amp; tips&quot;)" tabindex="21"> <p class="categoryLinkOutput"><span class="menuItemLabel lowerLevelMenuListItem">fragrance hints &amp; tips</span></p> </a> <span data-icon="5" aria-hidden="true" class="globalNavArrow hide"></span> <div id="subcategoryLink_1597113_1598861_1618609" class="subcategoryMenu" data-parent="departmentMenu_1597113_1598861" style="top:0"> </div> </li> <li class="categoryMenuListItem"> <a id="categoryLink_1597113_1598861_2857195" onfocus="addBackgroundColourOnFocus(this)" onblur="removeBackgroundColourOnFocus(this)" aria-label="link" href="https://www.boots.com/fragrance-advice/how-to-apply-perfume" name="Supermenu:Inspire Me:fragrance:how to apply perfume: tips to make it last longer" title="how to apply perfume: tips to make it last longer" class="menuLink categoryLinkItem anchorDataToggle" role="menuitem" data-toggle="subcategoryMenu" onclick="analyticsJS.headObjectEventGtm(&quot;Inspire Me:fragrance:how to apply perfume: tips to make it last longer&quot;)" tabindex="21"> <p class="categoryLinkOutput"><span class="menuItemLabel lowerLevelMenuListItem">how to apply perfume: tips to make it last longer</span></p> </a> <span data-icon="5" aria-hidden="true" class="globalNavArrow hide"></span> <div id="subcategoryLink_1597113_1598861_2857195" class="subcategoryMenu" data-parent="departmentMenu_1597113_1598861" style="top:0"> </div> </li> <li class="categoryMenuListItem"> <a id="categoryLink_1597113_1598861_2105680" onfocus="addBackgroundColourOnFocus(this)" onblur="removeBackgroundColourOnFocus(this)" aria-label="link" href="https://www.boots.com/fragrance-advice/how-to-buy-fragrance" name="Supermenu:Inspire Me:fragrance:how to buy fragrance" title="how to buy fragrance" class="menuLink categoryLinkItem anchorDataToggle" role="menuitem" data-toggle="subcategoryMenu" onclick="analyticsJS.headObjectEventGtm(&quot;Inspire Me:fragrance:how to buy fragrance&quot;)" tabindex="21"> <p class="categoryLinkOutput"><span class="menuItemLabel lowerLevelMenuListItem">how to buy fragrance</span></p> </a> <span data-icon="5" aria-hidden="true" class="globalNavArrow hide"></span> <div id="subcategoryLink_1597113_1598861_2105680" class="subcategoryMenu" data-parent="departmentMenu_1597113_1598861" style="top:0"> </div> </li> <li class="categoryMenuListItem"> <a id="categoryLink_1597113_1598861_2932186" onfocus="addBackgroundColourOnFocus(this)" onblur="removeBackgroundColourOnFocus(this)" aria-label="link" href="https://www.boots.com/fragrance-advice/how-to-layer-lotion-and-perfume-scents" name="Supermenu:Inspire Me:fragrance:How to do perfume layering – and 10 of the best body lotions to give this Christmas" title="How to do perfume layering – and 10 of the best body lotions to give this Christmas" class="menuLink categoryLinkItem anchorDataToggle" role="menuitem" data-toggle="subcategoryMenu" onclick="analyticsJS.headObjectEventGtm(&quot;Inspire Me:fragrance:How to do perfume layering – and 10 of the best body lotions to give this Christmas&quot;)" tabindex="21"> <p class="categoryLinkOutput"><span class="menuItemLabel lowerLevelMenuListItem">How to do perfume layering – and 10 of the best body lotions to give this Christmas</span></p> </a> <span data-icon="5" aria-hidden="true" class="globalNavArrow hide"></span> <div id="subcategoryLink_1597113_1598861_2932186" class="subcategoryMenu" data-parent="departmentMenu_1597113_1598861" style="top:0"> </div> </li> <li class="categoryMenuListItem"> <a id="categoryLink_1597113_1598861_3388182" onfocus="addBackgroundColourOnFocus(this)" onblur="removeBackgroundColourOnFocus(this)" aria-label="link" href="https://www.boots.com/fragrance-advice/celebrity-fragrances" name="Supermenu:Inspire Me:fragrance:i’m a beauty editor who loves celebrity perfume – here’s why you should too" title="i’m a beauty editor who loves celebrity perfume – here’s why you should too" class="menuLink categoryLinkItem anchorDataToggle" role="menuitem" data-toggle="subcategoryMenu" onclick="analyticsJS.headObjectEventGtm(&quot;Inspire Me:fragrance:i’m a beauty editor who loves celebrity perfume – here’s why you should too&quot;)" tabindex="21"> <p class="categoryLinkOutput"><span class="menuItemLabel lowerLevelMenuListItem">i’m a beauty editor who loves celebrity perfume – here’s why you should too</span></p> </a> <span data-icon="5" aria-hidden="true" class="globalNavArrow hide"></span> <div id="subcategoryLink_1597113_1598861_3388182" class="subcategoryMenu" data-parent="departmentMenu_1597113_1598861" style="top:0"> </div> </li> <li class="categoryMenuListItem"> <a id="categoryLink_1597113_1598861_2857201" onfocus="addBackgroundColourOnFocus(this)" onblur="removeBackgroundColourOnFocus(this)" aria-label="link" href="https://www.boots.com/fragrance-advice/how-to-choose-the-right-perfume" name="Supermenu:Inspire Me:fragrance:scent profile: how to choose the right perfume for you and others" title="scent profile: how to choose the right perfume for you and others" class="menuLink categoryLinkItem anchorDataToggle" role="menuitem" data-toggle="subcategoryMenu" onclick="analyticsJS.headObjectEventGtm(&quot;Inspire Me:fragrance:scent profile: how to choose the right perfume for you and others&quot;)" tabindex="21"> <p class="categoryLinkOutput"><span class="menuItemLabel lowerLevelMenuListItem">scent profile: how to choose the right perfume for you and others</span></p> </a> <span data-icon="5" aria-hidden="true" class="globalNavArrow hide"></span> <div id="subcategoryLink_1597113_1598861_2857201" class="subcategoryMenu" data-parent="departmentMenu_1597113_1598861" style="top:0"> </div> </li> <li class="categoryMenuListItem"> <a id="categoryLink_1597113_1598861_2261180" onfocus="addBackgroundColourOnFocus(this)" onblur="removeBackgroundColourOnFocus(this)" aria-label="link" href="https://www.boots.com/fragrance-advice/best-womens-perfume" name="Supermenu:Inspire Me:fragrance:the Boots guide to 10 perfect perfumes" title="the Boots guide to 10 perfect perfumes" class="menuLink categoryLinkItem anchorDataToggle" role="menuitem" data-toggle="subcategoryMenu" onclick="analyticsJS.headObjectEventGtm(&quot;Inspire Me:fragrance:the Boots guide to 10 perfect perfumes&quot;)" tabindex="21"> <p class="categoryLinkOutput"><span class="menuItemLabel lowerLevelMenuListItem">the Boots guide to 10 perfect perfumes</span></p> </a> <span data-icon="5" aria-hidden="true" class="globalNavArrow hide"></span> <div id="subcategoryLink_1597113_1598861_2261180" class="subcategoryMenu" data-parent="departmentMenu_1597113_1598861" style="top:0"> </div> </li> <li class="categoryMenuListItem"> <a id="categoryLink_1597113_1598861_2843684" onfocus="addBackgroundColourOnFocus(this)" onblur="removeBackgroundColourOnFocus(this)" aria-label="link" href="https://www.boots.com/fragrance-advice/boots-fragrance-finder" name="Supermenu:Inspire Me:fragrance:fragrance finder" title="fragrance finder" class="menuLink categoryLinkItem anchorDataToggle" role="menuitem" data-toggle="subcategoryMenu" onclick="analyticsJS.headObjectEventGtm(&quot;Inspire Me:fragrance:fragrance finder&quot;)" tabindex="21"> <p class="categoryLinkOutput"><span class="menuItemLabel lowerLevelMenuListItem">fragrance finder</span></p> </a> <span data-icon="5" aria-hidden="true" class="globalNavArrow hide"></span> <div id="subcategoryLink_1597113_1598861_2843684" class="subcategoryMenu" data-parent="departmentMenu_1597113_1598861" style="top:0"> </div> </li> <li class="categoryMenuListItem"> <a id="categoryLink_1597113_1598861_2176184" onfocus="addBackgroundColourOnFocus(this)" onblur="removeBackgroundColourOnFocus(this)" aria-label="link" href="https://www.boots.com/fragrance-advice/best-mens-aftershave" name="Supermenu:Inspire Me:fragrance:the Boots guide to the top 8 men’s aftershaves" title="the Boots guide to the top 8 men’s aftershaves" class="menuLink categoryLinkItem anchorDataToggle" role="menuitem" data-toggle="subcategoryMenu" onclick="analyticsJS.headObjectEventGtm(&quot;Inspire Me:fragrance:the Boots guide to the top 8 men’s aftershaves&quot;)" tabindex="21"> <p class="categoryLinkOutput"><span class="menuItemLabel lowerLevelMenuListItem">the Boots guide to the top 8 men’s aftershaves</span></p> </a> <span data-icon="5" aria-hidden="true" class="globalNavArrow hide"></span> <div id="subcategoryLink_1597113_1598861_2176184" class="subcategoryMenu" data-parent="departmentMenu_1597113_1598861" style="top:0"> </div> </li> <li class="categoryMenuListItem"> <a id="categoryLink_1597113_1598861_3213682" onfocus="addBackgroundColourOnFocus(this)" onblur="removeBackgroundColourOnFocus(this)" aria-label="link" href="https://www.boots.com/fragrance-advice/lancome-mothers-day-perfume" name="Supermenu:Inspire Me:fragrance:we tried Lancôme’s latest fragrance &amp; it’s the perfect gift for Mother’s Day" title="we tried Lancôme’s latest fragrance &amp; it’s the perfect gift for Mother’s Day" class="menuLink categoryLinkItem anchorDataToggle" role="menuitem" data-toggle="subcategoryMenu" onclick="analyticsJS.headObjectEventGtm(&quot;Inspire Me:fragrance:we tried Lancôme’s latest fragrance &amp; it’s the perfect gift for Mother’s Day&quot;)" tabindex="21"> <p class="categoryLinkOutput"><span class="menuItemLabel lowerLevelMenuListItem">we tried Lancôme’s latest fragrance &amp; it’s the perfect gift for Mother’s Day</span></p> </a> <span data-icon="5" aria-hidden="true" class="globalNavArrow hide"></span> <div id="subcategoryLink_1597113_1598861_3213682" class="subcategoryMenu" data-parent="departmentMenu_1597113_1598861" style="top:0"> </div> </li> </ul> </div> </li> <li class="departmentMenuListItem"> <a id="departmentLink_1598859" onfocus="addBackgroundColourOnFocus(this)" onblur="removeBackgroundColourOnFocus(this)" name="Supermenu:Inspire Me:baby &amp; child" title="baby &amp; child" href="javascript:;" class="7 link menuLink departmentLinkItem anchorDataToggle" data-toggle="departmentMenu_1597113_1598859" role="menuitem" tabindex="20" aria-label="link, collapsed content"> <p class="departmentLinkOutput"><span class="menuItemLabel lowerLevelMenuListItem">baby &amp; child</span></p> </a> <span data-icon="5" aria-hidden="true" class="globalNavArrow" id="departmenrGlobalNavArrow"></span> <div id="departmentMenu_1597113_1598859" class="departmentMenu departmentList" role="menu" data-parent="departmentMenu" data-id="1598859" aria-label="baby &amp; child" style="top:65px" data-espot-show="ESpot_parentingadvice"> <ul id="catergoryList" class="categoryList" data-parent="departmentMenu" data-toggle="departmentMenu_1597113_1598859" style="top:-65px"> <li class="mobileNavBackButtons" onclick="toggle(document.getElementById(&quot;departmentMenu_1597113_1598859&quot;)),setUpMobileBurgerMenu(this,&quot;catergoryList&quot;)"> <span data-icon="4" aria-hidden="true" class="mobileBackArrow"></span> <a class="mobileBackLink" tabindex="21"> <span class="menuItemLabel lowerLevelMenuListItem">baby &amp; child</span> </a> </li> <li class="categoryMenuListItem"> <a id="departmentLink_1598859_view_all" onfocus="addBackgroundColourOnFocus(this)" onblur="removeBackgroundColourOnFocus(this)" onclick="analyticsJS.headObjectEventGtm(&quot;Inspire Me : visit baby &amp; child&quot;)" name="Supermenu:Inspire Me:View all baby &amp; child" href="https://www.boots.com/parentingadvice" class="viewAllHeader" role="menuitem" tabindex="21" data-toggle="subcategoryMenu"> <p class="categoryLinkOutput"><span class="menuItemLabel lowerLevelMenuListItem">visit&nbsp;baby &amp; child</span></p> </a> </li> <li class="categoryMenuListItem"> <a id="categoryLink_1597113_1598859_1598778" onfocus="addBackgroundColourOnFocus(this)" onblur="removeBackgroundColourOnFocus(this)" aria-label="link" href="https://www.boots.com/parentingadvice/parenting-club" name="Supermenu:Inspire Me:baby &amp; child:Boots Parenting Club" title="Boots Parenting Club" class="menuLink categoryLinkItem anchorDataToggle" role="menuitem" data-toggle="subcategoryMenu" onclick="analyticsJS.headObjectEventGtm(&quot;Inspire Me:baby &amp; child:Boots Parenting Club&quot;)" tabindex="21"> <p class="categoryLinkOutput"><span class="menuItemLabel lowerLevelMenuListItem">Boots Parenting Club</span></p> </a> <span data-icon="5" aria-hidden="true" class="globalNavArrow hide"></span> <div id="subcategoryLink_1597113_1598859_1598778" class="subcategoryMenu" data-parent="departmentMenu_1597113_1598859" style="top:0"> </div> </li> <li class="categoryMenuListItem"> <a id="categoryLink_1597113_1598859_2181719" onfocus="addBackgroundColourOnFocus(this)" onblur="removeBackgroundColourOnFocus(this)" aria-label="link" href="javascript:;" name="Supermenu:Inspire Me:baby &amp; child:baby" title="baby" class="menuLink categoryLinkItem anchorDataToggle" role="menuitem" data-toggle="subcategoryLink_1597113_1598859_2181719" tabindex="21"> <p class="categoryLinkOutput"><span class="menuItemLabel lowerLevelMenuListItem">baby</span></p> </a> <span data-icon="5" aria-hidden="true" class="globalNavArrow"></span> <div id="subcategoryLink_1597113_1598859_2181719" class="subcategoryMenu" role="menu" data-parent="departmentMenu_1597113_1598859" style="top:0"> <ul id="subcategoryList" class="subcategoryList"> <li class="mobileNavBackButtons" onclick="toggle(document.getElementById(&quot;subcategoryLink_1597113_1598859_2181719&quot;)),setUpMobileBurgerMenu(this,&quot;subcategoryLink_1597113_1598859_2181719&quot;)"> <span data-icon="4" aria-hidden="true" class="mobileBackArrow"></span> <a class="mobileBackLink" tabindex="22"> <span class="menuItemLabel lowerLevelMenuListItem">baby</span> </a> </li> <li> <a id="categoryLink_1597113_1598859_2181719" name="Supermenu:Inspire Me:baby &amp; child:View all baby" onfocus="addBackgroundColourOnFocus(this)" onclick="analyticsJS.headObjectEventGtm(&quot;Inspire Me : baby &amp; child : visit baby&quot;)" onblur="removeBackgroundColourOnFocus(this)" href="https://www.boots.com/parentingadvice/baby-advice" tabindex="22" class="viewAllHeader"> <p class="subcategoryLinkOutput"><span class="menuItemLabel lowerLevelMenuListItem">visit&nbsp;baby</span></p> </a> </li> </ul> </div> </li> <li class="categoryMenuListItem"> <a id="categoryLink_1597113_1598859_1598865" onfocus="addBackgroundColourOnFocus(this)" onblur="removeBackgroundColourOnFocus(this)" aria-label="link" href="javascript:;" name="Supermenu:Inspire Me:baby &amp; child:buyer's guides" title="buyer's guides" class="menuLink categoryLinkItem anchorDataToggle" role="menuitem" data-toggle="subcategoryLink_1597113_1598859_1598865" tabindex="21"> <p class="categoryLinkOutput"><span class="menuItemLabel lowerLevelMenuListItem">buyer's guides</span></p> </a> <span data-icon="5" aria-hidden="true" class="globalNavArrow"></span> <div id="subcategoryLink_1597113_1598859_1598865" class="subcategoryMenu" role="menu" data-parent="departmentMenu_1597113_1598859" style="top:0"> <ul id="subcategoryList" class="subcategoryList"> <li class="mobileNavBackButtons" onclick="toggle(document.getElementById(&quot;subcategoryLink_1597113_1598859_1598865&quot;)),setUpMobileBurgerMenu(this,&quot;subcategoryLink_1597113_1598859_1598865&quot;)"> <span data-icon="4" aria-hidden="true" class="mobileBackArrow"></span> <a class="mobileBackLink" tabindex="22"> <span class="menuItemLabel lowerLevelMenuListItem">buyer's guides</span> </a> </li> <li> <a id="categoryLink_1597113_1598859_1598865" name="Supermenu:Inspire Me:baby &amp; child:View all buyer's guides" onfocus="addBackgroundColourOnFocus(this)" onclick="analyticsJS.headObjectEventGtm('Inspire Me : baby &amp; child : visit buyer's guides' );" onblur="removeBackgroundColourOnFocus(this)" href="https://www.boots.com/parentingadvice/babyguide" tabindex="22" class="viewAllHeader"> <p class="subcategoryLinkOutput"><span class="menuItemLabel lowerLevelMenuListItem">visit&nbsp;buyer's guides</span></p> </a> </li> </ul> </div> </li> <li class="categoryMenuListItem"> <a id="categoryLink_1597113_1598859_2181716" onfocus="addBackgroundColourOnFocus(this)" onblur="removeBackgroundColourOnFocus(this)" aria-label="link" href="javascript:;" name="Supermenu:Inspire Me:baby &amp; child:new parent" title="new parent" class="menuLink categoryLinkItem anchorDataToggle" role="menuitem" data-toggle="subcategoryLink_1597113_1598859_2181716" tabindex="21"> <p class="categoryLinkOutput"><span class="menuItemLabel lowerLevelMenuListItem">new parent</span></p> </a> <span data-icon="5" aria-hidden="true" class="globalNavArrow"></span> <div id="subcategoryLink_1597113_1598859_2181716" class="subcategoryMenu" role="menu" data-parent="departmentMenu_1597113_1598859" style="top:0"> <ul id="subcategoryList" class="subcategoryList"> <li class="mobileNavBackButtons" onclick="toggle(document.getElementById(&quot;subcategoryLink_1597113_1598859_2181716&quot;)),setUpMobileBurgerMenu(this,&quot;subcategoryLink_1597113_1598859_2181716&quot;)"> <span data-icon="4" aria-hidden="true" class="mobileBackArrow"></span> <a class="mobileBackLink" tabindex="22"> <span class="menuItemLabel lowerLevelMenuListItem">new parent</span> </a> </li> <li> <a id="categoryLink_1597113_1598859_2181716" name="Supermenu:Inspire Me:baby &amp; child:View all new parent" onfocus="addBackgroundColourOnFocus(this)" onclick="analyticsJS.headObjectEventGtm(&quot;Inspire Me : baby &amp; child : visit new parent&quot;)" onblur="removeBackgroundColourOnFocus(this)" href="https://www.boots.com/parentingadvice/new-parent-advice" tabindex="22" class="viewAllHeader"> <p class="subcategoryLinkOutput"><span class="menuItemLabel lowerLevelMenuListItem">visit&nbsp;new parent</span></p> </a> </li> </ul> </div> </li> <li class="categoryMenuListItem"> <a id="categoryLink_1597113_1598859_2181721" onfocus="addBackgroundColourOnFocus(this)" onblur="removeBackgroundColourOnFocus(this)" aria-label="link" href="javascript:;" name="Supermenu:Inspire Me:baby &amp; child:newborn" title="newborn" class="menuLink categoryLinkItem anchorDataToggle" role="menuitem" data-toggle="subcategoryLink_1597113_1598859_2181721" tabindex="21"> <p class="categoryLinkOutput"><span class="menuItemLabel lowerLevelMenuListItem">newborn</span></p> </a> <span data-icon="5" aria-hidden="true" class="globalNavArrow"></span> <div id="subcategoryLink_1597113_1598859_2181721" class="subcategoryMenu" role="menu" data-parent="departmentMenu_1597113_1598859" style="top:0"> <ul id="subcategoryList" class="subcategoryList"> <li class="mobileNavBackButtons" onclick="toggle(document.getElementById(&quot;subcategoryLink_1597113_1598859_2181721&quot;)),setUpMobileBurgerMenu(this,&quot;subcategoryLink_1597113_1598859_2181721&quot;)"> <span data-icon="4" aria-hidden="true" class="mobileBackArrow"></span> <a class="mobileBackLink" tabindex="22"> <span class="menuItemLabel lowerLevelMenuListItem">newborn</span> </a> </li> <li> <a id="categoryLink_1597113_1598859_2181721" name="Supermenu:Inspire Me:baby &amp; child:View all newborn" onfocus="addBackgroundColourOnFocus(this)" onclick="analyticsJS.headObjectEventGtm(&quot;Inspire Me : baby &amp; child : visit newborn&quot;)" onblur="removeBackgroundColourOnFocus(this)" href="https://www.boots.com/parentingadvice/newborn-advice" tabindex="22" class="viewAllHeader"> <p class="subcategoryLinkOutput"><span class="menuItemLabel lowerLevelMenuListItem">visit&nbsp;newborn</span></p> </a> </li> </ul> </div> </li> <li class="categoryMenuListItem"> <a id="categoryLink_1597113_1598859_1598869" onfocus="addBackgroundColourOnFocus(this)" onblur="removeBackgroundColourOnFocus(this)" aria-label="link" href="javascript:;" name="Supermenu:Inspire Me:baby &amp; child:pregnancy &amp; maternity" title="pregnancy &amp; maternity" class="menuLink categoryLinkItem anchorDataToggle" role="menuitem" data-toggle="subcategoryLink_1597113_1598859_1598869" tabindex="21"> <p class="categoryLinkOutput"><span class="menuItemLabel lowerLevelMenuListItem">pregnancy &amp; maternity</span></p> </a> <span data-icon="5" aria-hidden="true" class="globalNavArrow"></span> <div id="subcategoryLink_1597113_1598859_1598869" class="subcategoryMenu" role="menu" data-parent="departmentMenu_1597113_1598859" style="top:0"> <ul id="subcategoryList" class="subcategoryList"> <li class="mobileNavBackButtons" onclick="toggle(document.getElementById(&quot;subcategoryLink_1597113_1598859_1598869&quot;)),setUpMobileBurgerMenu(this,&quot;subcategoryLink_1597113_1598859_1598869&quot;)"> <span data-icon="4" aria-hidden="true" class="mobileBackArrow"></span> <a class="mobileBackLink" tabindex="22"> <span class="menuItemLabel lowerLevelMenuListItem">pregnancy &amp; maternity</span> </a> </li> <li> <a id="categoryLink_1597113_1598859_1598869" name="Supermenu:Inspire Me:baby &amp; child:View all pregnancy &amp; maternity" onfocus="addBackgroundColourOnFocus(this)" onclick="analyticsJS.headObjectEventGtm(&quot;Inspire Me : baby &amp; child : visit pregnancy &amp; maternity&quot;)" onblur="removeBackgroundColourOnFocus(this)" href="https://www.boots.com/parentingadvice/advice-pregnancy-maternity" tabindex="22" class="viewAllHeader"> <p class="subcategoryLinkOutput"><span class="menuItemLabel lowerLevelMenuListItem">visit&nbsp;pregnancy &amp; maternity</span></p> </a> </li> </ul> </div> </li> <li class="categoryMenuListItem"> <a id="categoryLink_1597113_1598859_2720184" onfocus="addBackgroundColourOnFocus(this)" onblur="removeBackgroundColourOnFocus(this)" aria-label="link" href="javascript:;" name="Supermenu:Inspire Me:baby &amp; child:premature baby advice" title="premature baby advice" class="menuLink categoryLinkItem anchorDataToggle" role="menuitem" data-toggle="subcategoryLink_1597113_1598859_2720184" tabindex="21"> <p class="categoryLinkOutput"><span class="menuItemLabel lowerLevelMenuListItem">premature baby advice</span></p> </a> <span data-icon="5" aria-hidden="true" class="globalNavArrow"></span> <div id="subcategoryLink_1597113_1598859_2720184" class="subcategoryMenu" role="menu" data-parent="departmentMenu_1597113_1598859" style="top:0"> <ul id="subcategoryList" class="subcategoryList"> <li class="mobileNavBackButtons" onclick="toggle(document.getElementById(&quot;subcategoryLink_1597113_1598859_2720184&quot;)),setUpMobileBurgerMenu(this,&quot;subcategoryLink_1597113_1598859_2720184&quot;)"> <span data-icon="4" aria-hidden="true" class="mobileBackArrow"></span> <a class="mobileBackLink" tabindex="22"> <span class="menuItemLabel lowerLevelMenuListItem">premature baby advice</span> </a> </li> <li> <a id="categoryLink_1597113_1598859_2720184" name="Supermenu:Inspire Me:baby &amp; child:View all premature baby advice" onfocus="addBackgroundColourOnFocus(this)" onclick="analyticsJS.headObjectEventGtm(&quot;Inspire Me : baby &amp; child : visit premature baby advice&quot;)" onblur="removeBackgroundColourOnFocus(this)" href="https://www.boots.com/parentingadvice/premature-baby-advice" tabindex="22" class="viewAllHeader"> <p class="subcategoryLinkOutput"><span class="menuItemLabel lowerLevelMenuListItem">visit&nbsp;premature baby advice</span></p> </a> </li> </ul> </div> </li> <li class="categoryMenuListItem"> <a id="categoryLink_1597113_1598859_2181718" onfocus="addBackgroundColourOnFocus(this)" onblur="removeBackgroundColourOnFocus(this)" aria-label="link" href="javascript:;" name="Supermenu:Inspire Me:baby &amp; child:toddler" title="toddler" class="menuLink categoryLinkItem anchorDataToggle" role="menuitem" data-toggle="subcategoryLink_1597113_1598859_2181718" tabindex="21"> <p class="categoryLinkOutput"><span class="menuItemLabel lowerLevelMenuListItem">toddler</span></p> </a> <span data-icon="5" aria-hidden="true" class="globalNavArrow"></span> <div id="subcategoryLink_1597113_1598859_2181718" class="subcategoryMenu" role="menu" data-parent="departmentMenu_1597113_1598859" style="top:0"> <ul id="subcategoryList" class="subcategoryList"> <li class="mobileNavBackButtons" onclick="toggle(document.getElementById(&quot;subcategoryLink_1597113_1598859_2181718&quot;)),setUpMobileBurgerMenu(this,&quot;subcategoryLink_1597113_1598859_2181718&quot;)"> <span data-icon="4" aria-hidden="true" class="mobileBackArrow"></span> <a class="mobileBackLink" tabindex="22"> <span class="menuItemLabel lowerLevelMenuListItem">toddler</span> </a> </li> <li> <a id="categoryLink_1597113_1598859_2181718" name="Supermenu:Inspire Me:baby &amp; child:View all toddler" onfocus="addBackgroundColourOnFocus(this)" onclick="analyticsJS.headObjectEventGtm(&quot;Inspire Me : baby &amp; child : visit toddler&quot;)" onblur="removeBackgroundColourOnFocus(this)" href="https://www.boots.com/parentingadvice/toddler-advice" tabindex="22" class="viewAllHeader"> <p class="subcategoryLinkOutput"><span class="menuItemLabel lowerLevelMenuListItem">visit&nbsp;toddler</span></p> </a> </li> </ul> </div> </li> </ul> </div> </li> <li class="departmentMenuListItem"> <a id="departmentLink_1905680" onfocus="addBackgroundColourOnFocus(this)" onblur="removeBackgroundColourOnFocus(this)" name="Supermenu:Inspire Me:electrical" title="electrical" href="javascript:;" class="8 link menuLink departmentLinkItem anchorDataToggle" data-toggle="departmentMenu_1597113_1905680" role="menuitem" tabindex="20" aria-label="link, collapsed content"> <p class="departmentLinkOutput"><span class="menuItemLabel lowerLevelMenuListItem">electrical</span></p> </a> <span data-icon="5" aria-hidden="true" class="globalNavArrow" id="departmenrGlobalNavArrow"></span> <div id="departmentMenu_1597113_1905680" class="departmentMenu departmentList" role="menu" data-parent="departmentMenu" data-id="1905680" aria-label="electrical" style="top:65px" data-espot-show="ESpot_electrical-inspiration-and-advice"> <ul id="catergoryList" class="categoryList" data-parent="departmentMenu" data-toggle="departmentMenu_1597113_1905680" style="top:-65px"> <li class="mobileNavBackButtons" onclick="toggle(document.getElementById(&quot;departmentMenu_1597113_1905680&quot;)),setUpMobileBurgerMenu(this,&quot;catergoryList&quot;)"> <span data-icon="4" aria-hidden="true" class="mobileBackArrow"></span> <a class="mobileBackLink" tabindex="21"> <span class="menuItemLabel lowerLevelMenuListItem">electrical</span> </a> </li> <li class="categoryMenuListItem"> <a id="departmentLink_1905680_view_all" onfocus="addBackgroundColourOnFocus(this)" onblur="removeBackgroundColourOnFocus(this)" onclick="analyticsJS.headObjectEventGtm(&quot;Inspire Me : visit electrical&quot;)" name="Supermenu:Inspire Me:View all electrical" href="https://www.boots.com/electrical-inspiration-and-advice" class="viewAllHeader" role="menuitem" tabindex="21" data-toggle="subcategoryMenu"> <p class="categoryLinkOutput"><span class="menuItemLabel lowerLevelMenuListItem">visit&nbsp;electrical</span></p> </a> </li> <li class="categoryMenuListItem"> <a id="categoryLink_1597113_1905680_1884179" onfocus="addBackgroundColourOnFocus(this)" onblur="removeBackgroundColourOnFocus(this)" aria-label="link" href="https://www.boots.com/electrical-inspiration-and-advice/ipl-buyers-guide" name="Supermenu:Inspire Me:electrical:choosing your IPL system" title="choosing your IPL system" class="menuLink categoryLinkItem anchorDataToggle" role="menuitem" data-toggle="subcategoryMenu" onclick="analyticsJS.headObjectEventGtm(&quot;Inspire Me:electrical:choosing your IPL system&quot;)" tabindex="21"> <p class="categoryLinkOutput"><span class="menuItemLabel lowerLevelMenuListItem">choosing your IPL system</span></p> </a> <span data-icon="5" aria-hidden="true" class="globalNavArrow hide"></span> <div id="subcategoryLink_1597113_1905680_1884179" class="subcategoryMenu" data-parent="departmentMenu_1597113_1905680" style="top:0"> </div> </li> <li class="categoryMenuListItem"> <a id="categoryLink_1597113_1905680_3274182" onfocus="addBackgroundColourOnFocus(this)" onblur="removeBackgroundColourOnFocus(this)" aria-label="link" href="https://www.boots.com/electrical-inspiration-and-advice/best-hair-straighteners" name="Supermenu:Inspire Me:electrical:our 6 top picks for hair straighteners" title="our 6 top picks for hair straighteners" class="menuLink categoryLinkItem anchorDataToggle" role="menuitem" data-toggle="subcategoryMenu" onclick="analyticsJS.headObjectEventGtm(&quot;Inspire Me:electrical:our 6 top picks for hair straighteners&quot;)" tabindex="21"> <p class="categoryLinkOutput"><span class="menuItemLabel lowerLevelMenuListItem">our 6 top picks for hair straighteners</span></p> </a> <span data-icon="5" aria-hidden="true" class="globalNavArrow hide"></span> <div id="subcategoryLink_1597113_1905680_3274182" class="subcategoryMenu" data-parent="departmentMenu_1597113_1905680" style="top:0"> </div> </li> <li class="categoryMenuListItem"> <a id="categoryLink_1597113_1905680_3267184" onfocus="addBackgroundColourOnFocus(this)" onblur="removeBackgroundColourOnFocus(this)" aria-label="link" href="https://www.boots.com/electrical-inspiration-and-advice/best-curling-wand" name="Supermenu:Inspire Me:electrical:the 7 best curling wands for 2024" title="the 7 best curling wands for 2024" class="menuLink categoryLinkItem anchorDataToggle" role="menuitem" data-toggle="subcategoryMenu" onclick="analyticsJS.headObjectEventGtm(&quot;Inspire Me:electrical:the 7 best curling wands for 2024&quot;)" tabindex="21"> <p class="categoryLinkOutput"><span class="menuItemLabel lowerLevelMenuListItem">the 7 best curling wands for 2024</span></p> </a> <span data-icon="5" aria-hidden="true" class="globalNavArrow hide"></span> <div id="subcategoryLink_1597113_1905680_3267184" class="subcategoryMenu" data-parent="departmentMenu_1597113_1905680" style="top:0"> </div> </li> <li class="categoryMenuListItem"> <a id="categoryLink_1597113_1905680_2181772" onfocus="addBackgroundColourOnFocus(this)" onblur="removeBackgroundColourOnFocus(this)" aria-label="link" href="https://www.boots.com/electrical-inspiration-and-advice/must-have-beauty-tools" name="Supermenu:Inspire Me:electrical:the Boots guide to the best electric beauty tools" title="the Boots guide to the best electric beauty tools" class="menuLink categoryLinkItem anchorDataToggle" role="menuitem" data-toggle="subcategoryMenu" onclick="analyticsJS.headObjectEventGtm(&quot;Inspire Me:electrical:the Boots guide to the best electric beauty tools&quot;)" tabindex="21"> <p class="categoryLinkOutput"><span class="menuItemLabel lowerLevelMenuListItem">the Boots guide to the best electric beauty tools</span></p> </a> <span data-icon="5" aria-hidden="true" class="globalNavArrow hide"></span> <div id="subcategoryLink_1597113_1905680_2181772" class="subcategoryMenu" data-parent="departmentMenu_1597113_1905680" style="top:0"> </div> </li> <li class="categoryMenuListItem"> <a id="categoryLink_1597113_1905680_1884180" onfocus="addBackgroundColourOnFocus(this)" onblur="removeBackgroundColourOnFocus(this)" aria-label="link" href="https://www.boots.com/electrical-inspiration-and-advice/electric-shavers-buyers-guide" name="Supermenu:Inspire Me:electrical:the Boots guide to the best electric shavers" title="the Boots guide to the best electric shavers" class="menuLink categoryLinkItem anchorDataToggle" role="menuitem" data-toggle="subcategoryMenu" onclick="analyticsJS.headObjectEventGtm(&quot;Inspire Me:electrical:the Boots guide to the best electric shavers&quot;)" tabindex="21"> <p class="categoryLinkOutput"><span class="menuItemLabel lowerLevelMenuListItem">the Boots guide to the best electric shavers</span></p> </a> <span data-icon="5" aria-hidden="true" class="globalNavArrow hide"></span> <div id="subcategoryLink_1597113_1905680_1884180" class="subcategoryMenu" data-parent="departmentMenu_1597113_1905680" style="top:0"> </div> </li> <li class="categoryMenuListItem"> <a id="categoryLink_1597113_1905680_2026716" onfocus="addBackgroundColourOnFocus(this)" onblur="removeBackgroundColourOnFocus(this)" aria-label="link" href="https://www.boots.com/electrical-inspiration-and-advice/hair-dryers-buying-guide" name="Supermenu:Inspire Me:electrical:the Boots guide to the best hair dryers" title="the Boots guide to the best hair dryers" class="menuLink categoryLinkItem anchorDataToggle" role="menuitem" data-toggle="subcategoryMenu" onclick="analyticsJS.headObjectEventGtm(&quot;Inspire Me:electrical:the Boots guide to the best hair dryers&quot;)" tabindex="21"> <p class="categoryLinkOutput"><span class="menuItemLabel lowerLevelMenuListItem">the Boots guide to the best hair dryers</span></p> </a> <span data-icon="5" aria-hidden="true" class="globalNavArrow hide"></span> <div id="subcategoryLink_1597113_1905680_2026716" class="subcategoryMenu" data-parent="departmentMenu_1597113_1905680" style="top:0"> </div> </li> <li class="categoryMenuListItem"> <a id="categoryLink_1597113_1905680_1884182" onfocus="addBackgroundColourOnFocus(this)" onblur="removeBackgroundColourOnFocus(this)" aria-label="link" href="https://www.boots.com/electrical-inspiration-and-advice/hair-curlers-buyers-guide" name="Supermenu:Inspire Me:electrical:the Boots guide to the best hair stylers" title="the Boots guide to the best hair stylers" class="menuLink categoryLinkItem anchorDataToggle" role="menuitem" data-toggle="subcategoryMenu" onclick="analyticsJS.headObjectEventGtm(&quot;Inspire Me:electrical:the Boots guide to the best hair stylers&quot;)" tabindex="21"> <p class="categoryLinkOutput"><span class="menuItemLabel lowerLevelMenuListItem">the Boots guide to the best hair stylers</span></p> </a> <span data-icon="5" aria-hidden="true" class="globalNavArrow hide"></span> <div id="subcategoryLink_1597113_1905680_1884182" class="subcategoryMenu" data-parent="departmentMenu_1597113_1905680" style="top:0"> </div> </li> </ul> </div> </li> <li class="departmentMenuListItem"> <a id="departmentLink_1598863" onfocus="addBackgroundColourOnFocus(this)" onblur="removeBackgroundColourOnFocus(this)" name="Supermenu:Inspire Me:opticians advice" title="opticians advice" href="javascript:;" class="9 link menuLink departmentLinkItem anchorDataToggle" data-toggle="departmentMenu_1597113_1598863" role="menuitem" tabindex="20" aria-label="link, collapsed content"> <p class="departmentLinkOutput"><span class="menuItemLabel lowerLevelMenuListItem">opticians advice</span></p> </a> <span data-icon="5" aria-hidden="true" class="globalNavArrow" id="departmenrGlobalNavArrow"></span> <div id="departmentMenu_1597113_1598863" class="departmentMenu departmentList" role="menu" data-parent="departmentMenu" data-id="1598863" aria-label="opticians advice" style="top:65px" data-espot-show="ESpot_opticians-advice"> <ul id="catergoryList" class="categoryList" data-parent="departmentMenu" data-toggle="departmentMenu_1597113_1598863" style="top:-65px"> <li class="mobileNavBackButtons" onclick="toggle(document.getElementById(&quot;departmentMenu_1597113_1598863&quot;)),setUpMobileBurgerMenu(this,&quot;catergoryList&quot;)"> <span data-icon="4" aria-hidden="true" class="mobileBackArrow"></span> <a class="mobileBackLink" tabindex="21"> <span class="menuItemLabel lowerLevelMenuListItem">opticians advice</span> </a> </li> <li class="categoryMenuListItem"> <a id="departmentLink_1598863_view_all" onfocus="addBackgroundColourOnFocus(this)" onblur="removeBackgroundColourOnFocus(this)" onclick="analyticsJS.headObjectEventGtm(&quot;Inspire Me : visit opticians advice&quot;)" name="Supermenu:Inspire Me:View all opticians advice" href="https://www.boots.com/opticians-advice" class="viewAllHeader" role="menuitem" tabindex="21" data-toggle="subcategoryMenu"> <p class="categoryLinkOutput"><span class="menuItemLabel lowerLevelMenuListItem">visit&nbsp;opticians advice</span></p> </a> </li> <li class="categoryMenuListItem"> <a id="categoryLink_1597113_1598863_2372684" onfocus="addBackgroundColourOnFocus(this)" onblur="removeBackgroundColourOnFocus(this)" aria-label="link" href="https://www.boots.com/opticians-advice/opticians-advice-coronavirus" name="Supermenu:Inspire Me:opticians advice:opticians coronavirus advice" title="opticians coronavirus advice" class="menuLink categoryLinkItem anchorDataToggle" role="menuitem" data-toggle="subcategoryMenu" onclick="analyticsJS.headObjectEventGtm(&quot;Inspire Me:opticians advice:opticians coronavirus advice&quot;)" tabindex="21"> <p class="categoryLinkOutput"><span class="menuItemLabel lowerLevelMenuListItem">opticians coronavirus advice</span></p> </a> <span data-icon="5" aria-hidden="true" class="globalNavArrow hide"></span> <div id="subcategoryLink_1597113_1598863_2372684" class="subcategoryMenu" data-parent="departmentMenu_1597113_1598863" style="top:0"> </div> </li> <li class="categoryMenuListItem"> <a id="categoryLink_1597113_1598863_2387688" onfocus="addBackgroundColourOnFocus(this)" onblur="removeBackgroundColourOnFocus(this)" aria-label="link" href="https://www.boots.com/opticians-advice/glasses-cleaning-and-maintenance" name="Supermenu:Inspire Me:opticians advice:caring for your glasses" title="caring for your glasses" class="menuLink categoryLinkItem anchorDataToggle" role="menuitem" data-toggle="subcategoryMenu" onclick="analyticsJS.headObjectEventGtm(&quot;Inspire Me:opticians advice:caring for your glasses&quot;)" tabindex="21"> <p class="categoryLinkOutput"><span class="menuItemLabel lowerLevelMenuListItem">caring for your glasses</span></p> </a> <span data-icon="5" aria-hidden="true" class="globalNavArrow hide"></span> <div id="subcategoryLink_1597113_1598863_2387688" class="subcategoryMenu" data-parent="departmentMenu_1597113_1598863" style="top:0"> </div> </li> <li class="categoryMenuListItem"> <a id="categoryLink_1597113_1598863_2246189" onfocus="addBackgroundColourOnFocus(this)" onblur="removeBackgroundColourOnFocus(this)" aria-label="link" href="javascript:;" name="Supermenu:Inspire Me:opticians advice:children's eyes" title="children's eyes" class="menuLink categoryLinkItem anchorDataToggle" role="menuitem" data-toggle="subcategoryLink_1597113_1598863_2246189" tabindex="21"> <p class="categoryLinkOutput"><span class="menuItemLabel lowerLevelMenuListItem">children's eyes</span></p> </a> <span data-icon="5" aria-hidden="true" class="globalNavArrow"></span> <div id="subcategoryLink_1597113_1598863_2246189" class="subcategoryMenu" role="menu" data-parent="departmentMenu_1597113_1598863" style="top:0"> <ul id="subcategoryList" class="subcategoryList"> <li class="mobileNavBackButtons" onclick="toggle(document.getElementById(&quot;subcategoryLink_1597113_1598863_2246189&quot;)),setUpMobileBurgerMenu(this,&quot;subcategoryLink_1597113_1598863_2246189&quot;)"> <span data-icon="4" aria-hidden="true" class="mobileBackArrow"></span> <a class="mobileBackLink" tabindex="22"> <span class="menuItemLabel lowerLevelMenuListItem">children's eyes</span> </a> </li> <li> <a id="categoryLink_1597113_1598863_2246189" name="Supermenu:Inspire Me:opticians advice:View all children's eyes" onfocus="addBackgroundColourOnFocus(this)" onclick="analyticsJS.headObjectEventGtm('Inspire Me : opticians advice : visit children's eyes' );" onblur="removeBackgroundColourOnFocus(this)" href="https://www.boots.com/opticians-advice/childrens-eye-health-advice" tabindex="22" class="viewAllHeader"> <p class="subcategoryLinkOutput"><span class="menuItemLabel lowerLevelMenuListItem">visit&nbsp;children's eyes</span></p> </a> </li> </ul> </div> </li> <li class="categoryMenuListItem"> <a id="categoryLink_1597113_1598863_2246188" onfocus="addBackgroundColourOnFocus(this)" onblur="removeBackgroundColourOnFocus(this)" aria-label="link" href="javascript:;" name="Supermenu:Inspire Me:opticians advice:contact lenses" title="contact lenses" class="menuLink categoryLinkItem anchorDataToggle" role="menuitem" data-toggle="subcategoryLink_1597113_1598863_2246188" tabindex="21"> <p class="categoryLinkOutput"><span class="menuItemLabel lowerLevelMenuListItem">contact lenses</span></p> </a> <span data-icon="5" aria-hidden="true" class="globalNavArrow"></span> <div id="subcategoryLink_1597113_1598863_2246188" class="subcategoryMenu" role="menu" data-parent="departmentMenu_1597113_1598863" style="top:0"> <ul id="subcategoryList" class="subcategoryList"> <li class="mobileNavBackButtons" onclick="toggle(document.getElementById(&quot;subcategoryLink_1597113_1598863_2246188&quot;)),setUpMobileBurgerMenu(this,&quot;subcategoryLink_1597113_1598863_2246188&quot;)"> <span data-icon="4" aria-hidden="true" class="mobileBackArrow"></span> <a class="mobileBackLink" tabindex="22"> <span class="menuItemLabel lowerLevelMenuListItem">contact lenses</span> </a> </li> <li> <a id="categoryLink_1597113_1598863_2246188" name="Supermenu:Inspire Me:opticians advice:View all contact lenses" onfocus="addBackgroundColourOnFocus(this)" onclick="analyticsJS.headObjectEventGtm(&quot;Inspire Me : opticians advice : visit contact lenses&quot;)" onblur="removeBackgroundColourOnFocus(this)" href="https://www.boots.com/opticians-advice/advice-contact-lenses" tabindex="22" class="viewAllHeader"> <p class="subcategoryLinkOutput"><span class="menuItemLabel lowerLevelMenuListItem">visit&nbsp;contact lenses</span></p> </a> </li> </ul> </div> </li> <li class="categoryMenuListItem"> <a id="categoryLink_1597113_1598863_2246191" onfocus="addBackgroundColourOnFocus(this)" onblur="removeBackgroundColourOnFocus(this)" aria-label="link" href="javascript:;" name="Supermenu:Inspire Me:opticians advice:eye health &amp; conditions" title="eye health &amp; conditions" class="menuLink categoryLinkItem anchorDataToggle" role="menuitem" data-toggle="subcategoryLink_1597113_1598863_2246191" tabindex="21"> <p class="categoryLinkOutput"><span class="menuItemLabel lowerLevelMenuListItem">eye health &amp; conditions</span></p> </a> <span data-icon="5" aria-hidden="true" class="globalNavArrow"></span> <div id="subcategoryLink_1597113_1598863_2246191" class="subcategoryMenu" role="menu" data-parent="departmentMenu_1597113_1598863" style="top:0"> <ul id="subcategoryList" class="subcategoryList"> <li class="mobileNavBackButtons" onclick="toggle(document.getElementById(&quot;subcategoryLink_1597113_1598863_2246191&quot;)),setUpMobileBurgerMenu(this,&quot;subcategoryLink_1597113_1598863_2246191&quot;)"> <span data-icon="4" aria-hidden="true" class="mobileBackArrow"></span> <a class="mobileBackLink" tabindex="22"> <span class="menuItemLabel lowerLevelMenuListItem">eye health &amp; conditions</span> </a> </li> <li> <a id="categoryLink_1597113_1598863_2246191" name="Supermenu:Inspire Me:opticians advice:View all eye health &amp; conditions" onfocus="addBackgroundColourOnFocus(this)" onclick="analyticsJS.headObjectEventGtm(&quot;Inspire Me : opticians advice : visit eye health &amp; conditions&quot;)" onblur="removeBackgroundColourOnFocus(this)" href="https://www.boots.com/opticians-advice/eye-health-and-conditions" tabindex="22" class="viewAllHeader"> <p class="subcategoryLinkOutput"><span class="menuItemLabel lowerLevelMenuListItem">visit&nbsp;eye health &amp; conditions</span></p> </a> </li> </ul> </div> </li> <li class="categoryMenuListItem"> <a id="categoryLink_1597113_1598863_2246190" onfocus="addBackgroundColourOnFocus(this)" onblur="removeBackgroundColourOnFocus(this)" aria-label="link" href="javascript:;" name="Supermenu:Inspire Me:opticians advice:eye test information" title="eye test information" class="menuLink categoryLinkItem anchorDataToggle" role="menuitem" data-toggle="subcategoryLink_1597113_1598863_2246190" tabindex="21"> <p class="categoryLinkOutput"><span class="menuItemLabel lowerLevelMenuListItem">eye test information</span></p> </a> <span data-icon="5" aria-hidden="true" class="globalNavArrow"></span> <div id="subcategoryLink_1597113_1598863_2246190" class="subcategoryMenu" role="menu" data-parent="departmentMenu_1597113_1598863" style="top:0"> <ul id="subcategoryList" class="subcategoryList"> <li class="mobileNavBackButtons" onclick="toggle(document.getElementById(&quot;subcategoryLink_1597113_1598863_2246190&quot;)),setUpMobileBurgerMenu(this,&quot;subcategoryLink_1597113_1598863_2246190&quot;)"> <span data-icon="4" aria-hidden="true" class="mobileBackArrow"></span> <a class="mobileBackLink" tabindex="22"> <span class="menuItemLabel lowerLevelMenuListItem">eye test information</span> </a> </li> <li> <a id="categoryLink_1597113_1598863_2246190" name="Supermenu:Inspire Me:opticians advice:View all eye test information" onfocus="addBackgroundColourOnFocus(this)" onclick="analyticsJS.headObjectEventGtm(&quot;Inspire Me : opticians advice : visit eye test information&quot;)" onblur="removeBackgroundColourOnFocus(this)" href="https://www.boots.com/opticians-advice/eye-test-information" tabindex="22" class="viewAllHeader"> <p class="subcategoryLinkOutput"><span class="menuItemLabel lowerLevelMenuListItem">visit&nbsp;eye test information</span></p> </a> </li> </ul> </div> </li> <li class="categoryMenuListItem"> <a id="categoryLink_1597113_1598863_1625612" onfocus="addBackgroundColourOnFocus(this)" onblur="removeBackgroundColourOnFocus(this)" aria-label="link" href="https://www.boots.com/opticians-advice/guide-to-your-glasses-lenses" name="Supermenu:Inspire Me:opticians advice:glasses lenses guide" title="glasses lenses guide" class="menuLink categoryLinkItem anchorDataToggle" role="menuitem" data-toggle="subcategoryMenu" onclick="analyticsJS.headObjectEventGtm(&quot;Inspire Me:opticians advice:glasses lenses guide&quot;)" tabindex="21"> <p class="categoryLinkOutput"><span class="menuItemLabel lowerLevelMenuListItem">glasses lenses guide</span></p> </a> <span data-icon="5" aria-hidden="true" class="globalNavArrow hide"></span> <div id="subcategoryLink_1597113_1598863_1625612" class="subcategoryMenu" data-parent="departmentMenu_1597113_1598863" style="top:0"> </div> </li> <li class="categoryMenuListItem"> <a id="categoryLink_1597113_1598863_2383680" onfocus="addBackgroundColourOnFocus(this)" onblur="removeBackgroundColourOnFocus(this)" aria-label="link" href="https://www.boots.com/opticians-advice/varifocal-lenses" name="Supermenu:Inspire Me:opticians advice:Varifocal Lenses explained" title="Varifocal Lenses explained" class="menuLink categoryLinkItem anchorDataToggle" role="menuitem" data-toggle="subcategoryMenu" onclick="analyticsJS.headObjectEventGtm(&quot;Inspire Me:opticians advice:Varifocal Lenses explained&quot;)" tabindex="21"> <p class="categoryLinkOutput"><span class="menuItemLabel lowerLevelMenuListItem">Varifocal Lenses explained</span></p> </a> <span data-icon="5" aria-hidden="true" class="globalNavArrow hide"></span> <div id="subcategoryLink_1597113_1598863_2383680" class="subcategoryMenu" data-parent="departmentMenu_1597113_1598863" style="top:0"> </div> </li> <li class="categoryMenuListItem"> <a id="categoryLink_1597113_1598863_2442179" onfocus="addBackgroundColourOnFocus(this)" onblur="removeBackgroundColourOnFocus(this)" aria-label="link" href="https://www.boots.com/opticians-advice/varifocal-varilux-lenses" name="Supermenu:Inspire Me:opticians advice:Varilux Varifocal Lenses" title="Varilux Varifocal Lenses" class="menuLink categoryLinkItem anchorDataToggle" role="menuitem" data-toggle="subcategoryMenu" onclick="analyticsJS.headObjectEventGtm(&quot;Inspire Me:opticians advice:Varilux Varifocal Lenses&quot;)" tabindex="21"> <p class="categoryLinkOutput"><span class="menuItemLabel lowerLevelMenuListItem">Varilux Varifocal Lenses</span></p> </a> <span data-icon="5" aria-hidden="true" class="globalNavArrow hide"></span> <div id="subcategoryLink_1597113_1598863_2442179" class="subcategoryMenu" data-parent="departmentMenu_1597113_1598863" style="top:0"> </div> </li> <li class="categoryMenuListItem"> <a id="categoryLink_1597113_1598863_2246187" onfocus="addBackgroundColourOnFocus(this)" onblur="removeBackgroundColourOnFocus(this)" aria-label="link" href="javascript:;" name="Supermenu:Inspire Me:opticians advice:glasses style" title="glasses style" class="menuLink categoryLinkItem anchorDataToggle" role="menuitem" data-toggle="subcategoryLink_1597113_1598863_2246187" tabindex="21"> <p class="categoryLinkOutput"><span class="menuItemLabel lowerLevelMenuListItem">glasses style</span></p> </a> <span data-icon="5" aria-hidden="true" class="globalNavArrow"></span> <div id="subcategoryLink_1597113_1598863_2246187" class="subcategoryMenu" role="menu" data-parent="departmentMenu_1597113_1598863" style="top:0"> <ul id="subcategoryList" class="subcategoryList"> <li class="mobileNavBackButtons" onclick="toggle(document.getElementById(&quot;subcategoryLink_1597113_1598863_2246187&quot;)),setUpMobileBurgerMenu(this,&quot;subcategoryLink_1597113_1598863_2246187&quot;)"> <span data-icon="4" aria-hidden="true" class="mobileBackArrow"></span> <a class="mobileBackLink" tabindex="22"> <span class="menuItemLabel lowerLevelMenuListItem">glasses style</span> </a> </li> <li> <a id="categoryLink_1597113_1598863_2246187" name="Supermenu:Inspire Me:opticians advice:View all glasses style" onfocus="addBackgroundColourOnFocus(this)" onclick="analyticsJS.headObjectEventGtm(&quot;Inspire Me : opticians advice : visit glasses style&quot;)" onblur="removeBackgroundColourOnFocus(this)" href="https://www.boots.com/opticians-advice/glasses-style-advice" tabindex="22" class="viewAllHeader"> <p class="subcategoryLinkOutput"><span class="menuItemLabel lowerLevelMenuListItem">visit&nbsp;glasses style</span></p> </a> </li> </ul> </div> </li> <li class="categoryMenuListItem"> <a id="categoryLink_1597113_1598863_2801685" onfocus="addBackgroundColourOnFocus(this)" onblur="removeBackgroundColourOnFocus(this)" aria-label="link" href="https://www.boots.com/opticians-advice/eco-friendly-eyewear-advice" name="Supermenu:Inspire Me:opticians advice:how to be more eco-friendly with your eyewear" title="how to be more eco-friendly with your eyewear" class="menuLink categoryLinkItem anchorDataToggle" role="menuitem" data-toggle="subcategoryMenu" onclick="analyticsJS.headObjectEventGtm(&quot;Inspire Me:opticians advice:how to be more eco-friendly with your eyewear&quot;)" tabindex="21"> <p class="categoryLinkOutput"><span class="menuItemLabel lowerLevelMenuListItem">how to be more eco-friendly with your eyewear</span></p> </a> <span data-icon="5" aria-hidden="true" class="globalNavArrow hide"></span> <div id="subcategoryLink_1597113_1598863_2801685" class="subcategoryMenu" data-parent="departmentMenu_1597113_1598863" style="top:0"> </div> </li> <li class="categoryMenuListItem"> <a id="categoryLink_1597113_1598863_2521181" onfocus="addBackgroundColourOnFocus(this)" onblur="removeBackgroundColourOnFocus(this)" aria-label="link" href="https://www.boots.com/opticians-advice/pay-with-klarna" name="Supermenu:Inspire Me:opticians advice:Klarna pay in 3" title="Klarna pay in 3" class="menuLink categoryLinkItem anchorDataToggle" role="menuitem" data-toggle="subcategoryMenu" onclick="analyticsJS.headObjectEventGtm(&quot;Inspire Me:opticians advice:Klarna pay in 3&quot;)" tabindex="21"> <p class="categoryLinkOutput"><span class="menuItemLabel lowerLevelMenuListItem">Klarna pay in 3</span></p> </a> <span data-icon="5" aria-hidden="true" class="globalNavArrow hide"></span> <div id="subcategoryLink_1597113_1598863_2521181" class="subcategoryMenu" data-parent="departmentMenu_1597113_1598863" style="top:0"> </div> </li> <li class="categoryMenuListItem"> <a id="categoryLink_1597113_1598863_2246186" onfocus="addBackgroundColourOnFocus(this)" onblur="removeBackgroundColourOnFocus(this)" aria-label="link" href="javascript:;" name="Supermenu:Inspire Me:opticians advice:sunglasses" title="sunglasses" class="menuLink categoryLinkItem anchorDataToggle" role="menuitem" data-toggle="subcategoryLink_1597113_1598863_2246186" tabindex="21"> <p class="categoryLinkOutput"><span class="menuItemLabel lowerLevelMenuListItem">sunglasses</span></p> </a> <span data-icon="5" aria-hidden="true" class="globalNavArrow"></span> <div id="subcategoryLink_1597113_1598863_2246186" class="subcategoryMenu" role="menu" data-parent="departmentMenu_1597113_1598863" style="top:0"> <ul id="subcategoryList" class="subcategoryList"> <li class="mobileNavBackButtons" onclick="toggle(document.getElementById(&quot;subcategoryLink_1597113_1598863_2246186&quot;)),setUpMobileBurgerMenu(this,&quot;subcategoryLink_1597113_1598863_2246186&quot;)"> <span data-icon="4" aria-hidden="true" class="mobileBackArrow"></span> <a class="mobileBackLink" tabindex="22"> <span class="menuItemLabel lowerLevelMenuListItem">sunglasses</span> </a> </li> <li> <a id="categoryLink_1597113_1598863_2246186" name="Supermenu:Inspire Me:opticians advice:View all sunglasses" onfocus="addBackgroundColourOnFocus(this)" onclick="analyticsJS.headObjectEventGtm(&quot;Inspire Me : opticians advice : visit sunglasses&quot;)" onblur="removeBackgroundColourOnFocus(this)" href="https://www.boots.com/opticians-advice/sunglasses-advice" tabindex="22" class="viewAllHeader"> <p class="subcategoryLinkOutput"><span class="menuItemLabel lowerLevelMenuListItem">visit&nbsp;sunglasses</span></p> </a> </li> </ul> </div> </li> </ul> </div> </li> <li class="departmentMenuListItem"> <a id="departmentLink_1875180" onfocus="addBackgroundColourOnFocus(this)" onblur="removeBackgroundColourOnFocus(this)" name="Supermenu:Inspire Me:sun &amp; holiday" title="sun &amp; holiday" href="javascript:;" class="10 link menuLink departmentLinkItem anchorDataToggle" data-toggle="departmentMenu_1597113_1875180" role="menuitem" tabindex="20" aria-label="link, collapsed content"> <p class="departmentLinkOutput"><span class="menuItemLabel lowerLevelMenuListItem">sun &amp; holiday</span></p> </a> <span data-icon="5" aria-hidden="true" class="globalNavArrow" id="departmenrGlobalNavArrow"></span> <div id="departmentMenu_1597113_1875180" class="departmentMenu departmentList" role="menu" data-parent="departmentMenu" data-id="1875180" aria-label="sun &amp; holiday" style="top:65px" data-espot-show="ESpot_sun-and-holiday-inspiration"> <ul id="catergoryList" class="categoryList" data-parent="departmentMenu" data-toggle="departmentMenu_1597113_1875180" style="top:-65px"> <li class="mobileNavBackButtons" onclick="toggle(document.getElementById(&quot;departmentMenu_1597113_1875180&quot;)),setUpMobileBurgerMenu(this,&quot;catergoryList&quot;)"> <span data-icon="4" aria-hidden="true" class="mobileBackArrow"></span> <a class="mobileBackLink" tabindex="21"> <span class="menuItemLabel lowerLevelMenuListItem">sun &amp; holiday</span> </a> </li> <li class="categoryMenuListItem"> <a id="departmentLink_1875180_view_all" onfocus="addBackgroundColourOnFocus(this)" onblur="removeBackgroundColourOnFocus(this)" onclick="analyticsJS.headObjectEventGtm(&quot;Inspire Me : visit sun &amp; holiday&quot;)" name="Supermenu:Inspire Me:View all sun &amp; holiday" href="https://www.boots.com/sun-and-holiday-inspiration" class="viewAllHeader" role="menuitem" tabindex="21" data-toggle="subcategoryMenu"> <p class="categoryLinkOutput"><span class="menuItemLabel lowerLevelMenuListItem">visit&nbsp;sun &amp; holiday</span></p> </a> </li> <li class="categoryMenuListItem"> <a id="categoryLink_1597113_1875180_2153694" onfocus="addBackgroundColourOnFocus(this)" onblur="removeBackgroundColourOnFocus(this)" aria-label="link" href="javascript:;" name="Supermenu:Inspire Me:sun &amp; holiday:summer beauty" title="summer beauty" class="menuLink categoryLinkItem anchorDataToggle" role="menuitem" data-toggle="subcategoryLink_1597113_1875180_2153694" tabindex="21"> <p class="categoryLinkOutput"><span class="menuItemLabel lowerLevelMenuListItem">summer beauty</span></p> </a> <span data-icon="5" aria-hidden="true" class="globalNavArrow"></span> <div id="subcategoryLink_1597113_1875180_2153694" class="subcategoryMenu" role="menu" data-parent="departmentMenu_1597113_1875180" style="top:0"> <ul id="subcategoryList" class="subcategoryList"> <li class="mobileNavBackButtons" onclick="toggle(document.getElementById(&quot;subcategoryLink_1597113_1875180_2153694&quot;)),setUpMobileBurgerMenu(this,&quot;subcategoryLink_1597113_1875180_2153694&quot;)"> <span data-icon="4" aria-hidden="true" class="mobileBackArrow"></span> <a class="mobileBackLink" tabindex="22"> <span class="menuItemLabel lowerLevelMenuListItem">summer beauty</span> </a> </li> <li> <a id="categoryLink_1597113_1875180_2153694" name="Supermenu:Inspire Me:sun &amp; holiday:View all summer beauty" onfocus="addBackgroundColourOnFocus(this)" onclick="analyticsJS.headObjectEventGtm(&quot;Inspire Me : sun &amp; holiday : visit summer beauty&quot;)" onblur="removeBackgroundColourOnFocus(this)" href="https://www.boots.com/sun-and-holiday-inspiration/summer-beauty" tabindex="22" class="viewAllHeader"> <p class="subcategoryLinkOutput"><span class="menuItemLabel lowerLevelMenuListItem">visit&nbsp;summer beauty</span></p> </a> </li> </ul> </div> </li> <li class="categoryMenuListItem"> <a id="categoryLink_1597113_1875180_2153693" onfocus="addBackgroundColourOnFocus(this)" onblur="removeBackgroundColourOnFocus(this)" aria-label="link" href="javascript:;" name="Supermenu:Inspire Me:sun &amp; holiday:sun care" title="sun care" class="menuLink categoryLinkItem anchorDataToggle" role="menuitem" data-toggle="subcategoryLink_1597113_1875180_2153693" tabindex="21"> <p class="categoryLinkOutput"><span class="menuItemLabel lowerLevelMenuListItem">sun care</span></p> </a> <span data-icon="5" aria-hidden="true" class="globalNavArrow"></span> <div id="subcategoryLink_1597113_1875180_2153693" class="subcategoryMenu" role="menu" data-parent="departmentMenu_1597113_1875180" style="top:0"> <ul id="subcategoryList" class="subcategoryList"> <li class="mobileNavBackButtons" onclick="toggle(document.getElementById(&quot;subcategoryLink_1597113_1875180_2153693&quot;)),setUpMobileBurgerMenu(this,&quot;subcategoryLink_1597113_1875180_2153693&quot;)"> <span data-icon="4" aria-hidden="true" class="mobileBackArrow"></span> <a class="mobileBackLink" tabindex="22"> <span class="menuItemLabel lowerLevelMenuListItem">sun care</span> </a> </li> <li> <a id="categoryLink_1597113_1875180_2153693" name="Supermenu:Inspire Me:sun &amp; holiday:View all sun care" onfocus="addBackgroundColourOnFocus(this)" onclick="analyticsJS.headObjectEventGtm(&quot;Inspire Me : sun &amp; holiday : visit sun care&quot;)" onblur="removeBackgroundColourOnFocus(this)" href="https://www.boots.com/sun-and-holiday-inspiration/suncare-advice" tabindex="22" class="viewAllHeader"> <p class="subcategoryLinkOutput"><span class="menuItemLabel lowerLevelMenuListItem">visit&nbsp;sun care</span></p> </a> </li> </ul> </div> </li> </ul> </div> </li> <li class="departmentMenuListItem"> <a id="departmentLink_1848682" onfocus="addBackgroundColourOnFocus(this)" onblur="removeBackgroundColourOnFocus(this)" name="Supermenu:Inspire Me:gifting" title="gifting" href="javascript:;" class="11 link menuLink departmentLinkItem anchorDataToggle" data-toggle="departmentMenu_1597113_1848682" role="menuitem" tabindex="20" aria-label="link, collapsed content"> <p class="departmentLinkOutput"><span class="menuItemLabel lowerLevelMenuListItem">gifting</span></p> </a> <span data-icon="5" aria-hidden="true" class="globalNavArrow" id="departmenrGlobalNavArrow"></span> <div id="departmentMenu_1597113_1848682" class="departmentMenu departmentList" role="menu" data-parent="departmentMenu" data-id="1848682" aria-label="gifting" style="top:65px" data-espot-show="ESpot_gifting-"> <ul id="catergoryList" class="categoryList" data-parent="departmentMenu" data-toggle="departmentMenu_1597113_1848682" style="top:-65px"> <li class="mobileNavBackButtons" onclick="toggle(document.getElementById(&quot;departmentMenu_1597113_1848682&quot;)),setUpMobileBurgerMenu(this,&quot;catergoryList&quot;)"> <span data-icon="4" aria-hidden="true" class="mobileBackArrow"></span> <a class="mobileBackLink" tabindex="21"> <span class="menuItemLabel lowerLevelMenuListItem">gifting</span> </a> </li> <li class="categoryMenuListItem"> <a id="departmentLink_1848682_view_all" onfocus="addBackgroundColourOnFocus(this)" onblur="removeBackgroundColourOnFocus(this)" onclick="analyticsJS.headObjectEventGtm(&quot;Inspire Me : visit gifting&quot;)" name="Supermenu:Inspire Me:View all gifting" href="https://www.boots.com/gifting-" class="viewAllHeader" role="menuitem" tabindex="21" data-toggle="subcategoryMenu"> <p class="categoryLinkOutput"><span class="menuItemLabel lowerLevelMenuListItem">visit&nbsp;gifting</span></p> </a> </li> <li class="categoryMenuListItem"> <a id="categoryLink_1597113_1848682_3027182" onfocus="addBackgroundColourOnFocus(this)" onblur="removeBackgroundColourOnFocus(this)" aria-label="link" href="https://www.boots.com/gifting-/best-perfume-discovery-sets" name="Supermenu:Inspire Me:gifting:5 perfume discovery sets that will transform the way you shop for fragrances" title="5 perfume discovery sets that will transform the way you shop for fragrances" class="menuLink categoryLinkItem anchorDataToggle" role="menuitem" data-toggle="subcategoryMenu" onclick="analyticsJS.headObjectEventGtm(&quot;Inspire Me:gifting:5 perfume discovery sets that will transform the way you shop for fragrances&quot;)" tabindex="21"> <p class="categoryLinkOutput"><span class="menuItemLabel lowerLevelMenuListItem">5 perfume discovery sets that will transform the way you shop for fragrances</span></p> </a> <span data-icon="5" aria-hidden="true" class="globalNavArrow hide"></span> <div id="subcategoryLink_1597113_1848682_3027182" class="subcategoryMenu" data-parent="departmentMenu_1597113_1848682" style="top:0"> </div> </li> <li class="categoryMenuListItem"> <a id="categoryLink_1597113_1848682_2826686" onfocus="addBackgroundColourOnFocus(this)" onblur="removeBackgroundColourOnFocus(this)" aria-label="link" href="https://www.boots.com/gifting-/best-summer-perfumes-to-transport-you-to-sunnier-climates" name="Supermenu:Inspire Me:gifting:8 fragrances to transport you to sunnier climates" title="8 fragrances to transport you to sunnier climates" class="menuLink categoryLinkItem anchorDataToggle" role="menuitem" data-toggle="subcategoryMenu" onclick="analyticsJS.headObjectEventGtm(&quot;Inspire Me:gifting:8 fragrances to transport you to sunnier climates&quot;)" tabindex="21"> <p class="categoryLinkOutput"><span class="menuItemLabel lowerLevelMenuListItem">8 fragrances to transport you to sunnier climates</span></p> </a> <span data-icon="5" aria-hidden="true" class="globalNavArrow hide"></span> <div id="subcategoryLink_1597113_1848682_2826686" class="subcategoryMenu" data-parent="departmentMenu_1597113_1848682" style="top:0"> </div> </li> <li class="categoryMenuListItem"> <a id="categoryLink_1597113_1848682_2967711" onfocus="addBackgroundColourOnFocus(this)" onblur="removeBackgroundColourOnFocus(this)" aria-label="link" href="https://www.boots.com/gifting-/best-lunar-new-year-gifts" name="Supermenu:Inspire Me:gifting:10 of the best gifts for lunar new year" title="10 of the best gifts for lunar new year" class="menuLink categoryLinkItem anchorDataToggle" role="menuitem" data-toggle="subcategoryMenu" onclick="analyticsJS.headObjectEventGtm(&quot;Inspire Me:gifting:10 of the best gifts for lunar new year&quot;)" tabindex="21"> <p class="categoryLinkOutput"><span class="menuItemLabel lowerLevelMenuListItem">10 of the best gifts for lunar new year</span></p> </a> <span data-icon="5" aria-hidden="true" class="globalNavArrow hide"></span> <div id="subcategoryLink_1597113_1848682_2967711" class="subcategoryMenu" data-parent="departmentMenu_1597113_1848682" style="top:0"> </div> </li> <li class="categoryMenuListItem"> <a id="categoryLink_1597113_1848682_3184192" onfocus="addBackgroundColourOnFocus(this)" onblur="removeBackgroundColourOnFocus(this)" aria-label="link" href="https://www.boots.com/gifting-/self-care-gifts" name="Supermenu:Inspire Me:gifting:10 of the best self-care gifts to help wellbeing" title="10 of the best self-care gifts to help wellbeing" class="menuLink categoryLinkItem anchorDataToggle" role="menuitem" data-toggle="subcategoryMenu" onclick="analyticsJS.headObjectEventGtm(&quot;Inspire Me:gifting:10 of the best self-care gifts to help wellbeing&quot;)" tabindex="21"> <p class="categoryLinkOutput"><span class="menuItemLabel lowerLevelMenuListItem">10 of the best self-care gifts to help wellbeing</span></p> </a> <span data-icon="5" aria-hidden="true" class="globalNavArrow hide"></span> <div id="subcategoryLink_1597113_1848682_3184192" class="subcategoryMenu" data-parent="departmentMenu_1597113_1848682" style="top:0"> </div> </li> <li class="categoryMenuListItem"> <a id="categoryLink_1597113_1848682_2917182" onfocus="addBackgroundColourOnFocus(this)" onblur="removeBackgroundColourOnFocus(this)" aria-label="link" href="https://www.boots.com/gifting-/best-winter-fragrances" name="Supermenu:Inspire Me:gifting:10 of the best winter fragrances that will turn heads" title="10 of the best winter fragrances that will turn heads" class="menuLink categoryLinkItem anchorDataToggle" role="menuitem" data-toggle="subcategoryMenu" onclick="analyticsJS.headObjectEventGtm(&quot;Inspire Me:gifting:10 of the best winter fragrances that will turn heads&quot;)" tabindex="21"> <p class="categoryLinkOutput"><span class="menuItemLabel lowerLevelMenuListItem">10 of the best winter fragrances that will turn heads</span></p> </a> <span data-icon="5" aria-hidden="true" class="globalNavArrow hide"></span> <div id="subcategoryLink_1597113_1848682_2917182" class="subcategoryMenu" data-parent="departmentMenu_1597113_1848682" style="top:0"> </div> </li> <li class="categoryMenuListItem"> <a id="categoryLink_1597113_1848682_3150682" onfocus="addBackgroundColourOnFocus(this)" onblur="removeBackgroundColourOnFocus(this)" aria-label="link" href="https://www.boots.com/gifting-/diwali-gift-ideas" name="Supermenu:Inspire Me:gifting:10 of our best gifts for Diwali" title="10 of our best gifts for Diwali" class="menuLink categoryLinkItem anchorDataToggle" role="menuitem" data-toggle="subcategoryMenu" onclick="analyticsJS.headObjectEventGtm(&quot;Inspire Me:gifting:10 of our best gifts for Diwali&quot;)" tabindex="21"> <p class="categoryLinkOutput"><span class="menuItemLabel lowerLevelMenuListItem">10 of our best gifts for Diwali</span></p> </a> <span data-icon="5" aria-hidden="true" class="globalNavArrow hide"></span> <div id="subcategoryLink_1597113_1848682_3150682" class="subcategoryMenu" data-parent="departmentMenu_1597113_1848682" style="top:0"> </div> </li> <li class="categoryMenuListItem"> <a id="categoryLink_1597113_1848682_3062711" onfocus="addBackgroundColourOnFocus(this)" onblur="removeBackgroundColourOnFocus(this)" aria-label="link" href="https://www.boots.com/gifting-/best-graduation-gifts-for-her" name="Supermenu:Inspire Me:gifting:10 great graduation gifts for her that she’s certain to love" title="10 great graduation gifts for her that she’s certain to love" class="menuLink categoryLinkItem anchorDataToggle" role="menuitem" data-toggle="subcategoryMenu" onclick="analyticsJS.headObjectEventGtm(&quot;Inspire Me:gifting:10 great graduation gifts for her that she’s certain to love&quot;)" tabindex="21"> <p class="categoryLinkOutput"><span class="menuItemLabel lowerLevelMenuListItem">10 great graduation gifts for her that she’s certain to love</span></p> </a> <span data-icon="5" aria-hidden="true" class="globalNavArrow hide"></span> <div id="subcategoryLink_1597113_1848682_3062711" class="subcategoryMenu" data-parent="departmentMenu_1597113_1848682" style="top:0"> </div> </li> <li class="categoryMenuListItem"> <a id="categoryLink_1597113_1848682_2989682" onfocus="addBackgroundColourOnFocus(this)" onblur="removeBackgroundColourOnFocus(this)" aria-label="link" href="https://www.boots.com/gifting-/best-bridesmaid-gifts" name="Supermenu:Inspire Me:gifting:12 brilliant bridesmaid gift ideas for all budgets" title="12 brilliant bridesmaid gift ideas for all budgets" class="menuLink categoryLinkItem anchorDataToggle" role="menuitem" data-toggle="subcategoryMenu" onclick="analyticsJS.headObjectEventGtm(&quot;Inspire Me:gifting:12 brilliant bridesmaid gift ideas for all budgets&quot;)" tabindex="21"> <p class="categoryLinkOutput"><span class="menuItemLabel lowerLevelMenuListItem">12 brilliant bridesmaid gift ideas for all budgets</span></p> </a> <span data-icon="5" aria-hidden="true" class="globalNavArrow hide"></span> <div id="subcategoryLink_1597113_1848682_2989682" class="subcategoryMenu" data-parent="departmentMenu_1597113_1848682" style="top:0"> </div> </li> <li class="categoryMenuListItem"> <a id="categoryLink_1597113_1848682_3101243" onfocus="addBackgroundColourOnFocus(this)" onblur="removeBackgroundColourOnFocus(this)" aria-label="link" href="https://www.boots.com/gifting-/best-baby-shower-gifts" name="Supermenu:Inspire Me:gifting:12 of the best baby shower gifts" title="12 of the best baby shower gifts" class="menuLink categoryLinkItem anchorDataToggle" role="menuitem" data-toggle="subcategoryMenu" onclick="analyticsJS.headObjectEventGtm(&quot;Inspire Me:gifting:12 of the best baby shower gifts&quot;)" tabindex="21"> <p class="categoryLinkOutput"><span class="menuItemLabel lowerLevelMenuListItem">12 of the best baby shower gifts</span></p> </a> <span data-icon="5" aria-hidden="true" class="globalNavArrow hide"></span> <div id="subcategoryLink_1597113_1848682_3101243" class="subcategoryMenu" data-parent="departmentMenu_1597113_1848682" style="top:0"> </div> </li> <li class="categoryMenuListItem"> <a id="categoryLink_1597113_1848682_3105184" onfocus="addBackgroundColourOnFocus(this)" onblur="removeBackgroundColourOnFocus(this)" aria-label="link" href="https://www.boots.com/gifting-/best-wedding-day-gifts" name="Supermenu:Inspire Me:gifting:13 thoughtful wedding day gifts for all budgets" title="13 thoughtful wedding day gifts for all budgets" class="menuLink categoryLinkItem anchorDataToggle" role="menuitem" data-toggle="subcategoryMenu" onclick="analyticsJS.headObjectEventGtm(&quot;Inspire Me:gifting:13 thoughtful wedding day gifts for all budgets&quot;)" tabindex="21"> <p class="categoryLinkOutput"><span class="menuItemLabel lowerLevelMenuListItem">13 thoughtful wedding day gifts for all budgets</span></p> </a> <span data-icon="5" aria-hidden="true" class="globalNavArrow hide"></span> <div id="subcategoryLink_1597113_1848682_3105184" class="subcategoryMenu" data-parent="departmentMenu_1597113_1848682" style="top:0"> </div> </li> <li class="categoryMenuListItem"> <a id="categoryLink_1597113_1848682_2819199" onfocus="addBackgroundColourOnFocus(this)" onblur="removeBackgroundColourOnFocus(this)" aria-label="link" href="https://www.boots.com/gifting-/anniversary-gift-ideas" name="Supermenu:Inspire Me:gifting:14 of the best anniversary gifts you can find at Boots" title="14 of the best anniversary gifts you can find at Boots" class="menuLink categoryLinkItem anchorDataToggle" role="menuitem" data-toggle="subcategoryMenu" onclick="analyticsJS.headObjectEventGtm(&quot;Inspire Me:gifting:14 of the best anniversary gifts you can find at Boots&quot;)" tabindex="21"> <p class="categoryLinkOutput"><span class="menuItemLabel lowerLevelMenuListItem">14 of the best anniversary gifts you can find at Boots</span></p> </a> <span data-icon="5" aria-hidden="true" class="globalNavArrow hide"></span> <div id="subcategoryLink_1597113_1848682_2819199" class="subcategoryMenu" data-parent="departmentMenu_1597113_1848682" style="top:0"> </div> </li> <li class="categoryMenuListItem"> <a id="categoryLink_1597113_1848682_3405684" onfocus="addBackgroundColourOnFocus(this)" onblur="removeBackgroundColourOnFocus(this)" aria-label="link" href="https://www.boots.com/gifting-/valentines-gifts-by-interest" name="Supermenu:Inspire Me:gifting:a match made in heaven: Valentine’s Day gifts for every interest" title="a match made in heaven: Valentine’s Day gifts for every interest" class="menuLink categoryLinkItem anchorDataToggle" role="menuitem" data-toggle="subcategoryMenu" onclick="analyticsJS.headObjectEventGtm(&quot;Inspire Me:gifting:a match made in heaven: Valentine’s Day gifts for every interest&quot;)" tabindex="21"> <p class="categoryLinkOutput"><span class="menuItemLabel lowerLevelMenuListItem">a match made in heaven: Valentine’s Day gifts for every interest</span></p> </a> <span data-icon="5" aria-hidden="true" class="globalNavArrow hide"></span> <div id="subcategoryLink_1597113_1848682_3405684" class="subcategoryMenu" data-parent="departmentMenu_1597113_1848682" style="top:0"> </div> </li> <li class="categoryMenuListItem"> <a id="categoryLink_1597113_1848682_3080683" onfocus="addBackgroundColourOnFocus(this)" onblur="removeBackgroundColourOnFocus(this)" aria-label="link" href="https://www.boots.com/gifting-/boots-guide-to-the-best-gifts-for-dads-who-have-everything" name="Supermenu:Inspire Me:gifting:Boots guide to the best gifts for dads who have everything" title="Boots guide to the best gifts for dads who have everything" class="menuLink categoryLinkItem anchorDataToggle" role="menuitem" data-toggle="subcategoryMenu" onclick="analyticsJS.headObjectEventGtm(&quot;Inspire Me:gifting:Boots guide to the best gifts for dads who have everything&quot;)" tabindex="21"> <p class="categoryLinkOutput"><span class="menuItemLabel lowerLevelMenuListItem">Boots guide to the best gifts for dads who have everything</span></p> </a> <span data-icon="5" aria-hidden="true" class="globalNavArrow hide"></span> <div id="subcategoryLink_1597113_1848682_3080683" class="subcategoryMenu" data-parent="departmentMenu_1597113_1848682" style="top:0"> </div> </li> <li class="categoryMenuListItem"> <a id="categoryLink_1597113_1848682_2856705" onfocus="addBackgroundColourOnFocus(this)" onblur="removeBackgroundColourOnFocus(this)" aria-label="link" href="https://www.boots.com/gifting-/graduation-gift-ideas-and-inspiration" name="Supermenu:Inspire Me:gifting:Boots guide to the best graduation gifts" title="Boots guide to the best graduation gifts" class="menuLink categoryLinkItem anchorDataToggle" role="menuitem" data-toggle="subcategoryMenu" onclick="analyticsJS.headObjectEventGtm(&quot;Inspire Me:gifting:Boots guide to the best graduation gifts&quot;)" tabindex="21"> <p class="categoryLinkOutput"><span class="menuItemLabel lowerLevelMenuListItem">Boots guide to the best graduation gifts</span></p> </a> <span data-icon="5" aria-hidden="true" class="globalNavArrow hide"></span> <div id="subcategoryLink_1597113_1848682_2856705" class="subcategoryMenu" data-parent="departmentMenu_1597113_1848682" style="top:0"> </div> </li> <li class="categoryMenuListItem"> <a id="categoryLink_1597113_1848682_3007682" onfocus="addBackgroundColourOnFocus(this)" onblur="removeBackgroundColourOnFocus(this)" aria-label="link" href="https://www.boots.com/gifting-/best-perfumes-for-mums" name="Supermenu:Inspire Me:gifting:Boots guide to the best perfumes for mums" title="Boots guide to the best perfumes for mums" class="menuLink categoryLinkItem anchorDataToggle" role="menuitem" data-toggle="subcategoryMenu" onclick="analyticsJS.headObjectEventGtm(&quot;Inspire Me:gifting:Boots guide to the best perfumes for mums&quot;)" tabindex="21"> <p class="categoryLinkOutput"><span class="menuItemLabel lowerLevelMenuListItem">Boots guide to the best perfumes for mums</span></p> </a> <span data-icon="5" aria-hidden="true" class="globalNavArrow hide"></span> <div id="subcategoryLink_1597113_1848682_3007682" class="subcategoryMenu" data-parent="departmentMenu_1597113_1848682" style="top:0"> </div> </li> <li class="categoryMenuListItem"> <a id="categoryLink_1597113_1848682_2988682" onfocus="addBackgroundColourOnFocus(this)" onblur="removeBackgroundColourOnFocus(this)" aria-label="link" href="https://www.boots.com/gifting-/valentines-day-picks" name="Supermenu:Inspire Me:gifting:fall in love with these five Valentine’s Day picks" title="fall in love with these five Valentine’s Day picks" class="menuLink categoryLinkItem anchorDataToggle" role="menuitem" data-toggle="subcategoryMenu" onclick="analyticsJS.headObjectEventGtm(&quot;Inspire Me:gifting:fall in love with these five Valentine’s Day picks&quot;)" tabindex="21"> <p class="categoryLinkOutput"><span class="menuItemLabel lowerLevelMenuListItem">fall in love with these five Valentine’s Day picks</span></p> </a> <span data-icon="5" aria-hidden="true" class="globalNavArrow hide"></span> <div id="subcategoryLink_1597113_1848682_2988682" class="subcategoryMenu" data-parent="departmentMenu_1597113_1848682" style="top:0"> </div> </li> <li class="categoryMenuListItem"> <a id="categoryLink_1597113_1848682_2918184" onfocus="addBackgroundColourOnFocus(this)" onblur="removeBackgroundColourOnFocus(this)" aria-label="link" href="https://www.boots.com/gifting-/chemo-hamper-gifts" name="Supermenu:Inspire Me:gifting:Gift ideas for a chemo care hamper" title="Gift ideas for a chemo care hamper" class="menuLink categoryLinkItem anchorDataToggle" role="menuitem" data-toggle="subcategoryMenu" onclick="analyticsJS.headObjectEventGtm(&quot;Inspire Me:gifting:Gift ideas for a chemo care hamper&quot;)" tabindex="21"> <p class="categoryLinkOutput"><span class="menuItemLabel lowerLevelMenuListItem">Gift ideas for a chemo care hamper</span></p> </a> <span data-icon="5" aria-hidden="true" class="globalNavArrow hide"></span> <div id="subcategoryLink_1597113_1848682_2918184" class="subcategoryMenu" data-parent="departmentMenu_1597113_1848682" style="top:0"> </div> </li> <li class="categoryMenuListItem"> <a id="categoryLink_1597113_1848682_1848683" onfocus="addBackgroundColourOnFocus(this)" onblur="removeBackgroundColourOnFocus(this)" aria-label="link" href="https://www.boots.com/gifting-/gifts-for-mums" name="Supermenu:Inspire Me:gifting:gifts for mum: your ultimate gift guide for any occasion" title="gifts for mum: your ultimate gift guide for any occasion" class="menuLink categoryLinkItem anchorDataToggle" role="menuitem" data-toggle="subcategoryMenu" onclick="analyticsJS.headObjectEventGtm(&quot;Inspire Me:gifting:gifts for mum: your ultimate gift guide for any occasion&quot;)" tabindex="21"> <p class="categoryLinkOutput"><span class="menuItemLabel lowerLevelMenuListItem">gifts for mum: your ultimate gift guide for any occasion</span></p> </a> <span data-icon="5" aria-hidden="true" class="globalNavArrow hide"></span> <div id="subcategoryLink_1597113_1848682_1848683" class="subcategoryMenu" data-parent="departmentMenu_1597113_1848682" style="top:0"> </div> </li> <li class="categoryMenuListItem"> <a id="categoryLink_1597113_1848682_3428190" onfocus="addBackgroundColourOnFocus(this)" onblur="removeBackgroundColourOnFocus(this)" aria-label="link" href="https://www.boots.com/gifting-/give-the-gift-of-glam-this-mothers-day" name="Supermenu:Inspire Me:gifting:give the gift of glam this Mother’s Day" title="give the gift of glam this Mother’s Day" class="menuLink categoryLinkItem anchorDataToggle" role="menuitem" data-toggle="subcategoryMenu" onclick="analyticsJS.headObjectEventGtm(&quot;Inspire Me:gifting:give the gift of glam this Mother’s Day&quot;)" tabindex="21"> <p class="categoryLinkOutput"><span class="menuItemLabel lowerLevelMenuListItem">give the gift of glam this Mother’s Day</span></p> </a> <span data-icon="5" aria-hidden="true" class="globalNavArrow hide"></span> <div id="subcategoryLink_1597113_1848682_3428190" class="subcategoryMenu" data-parent="departmentMenu_1597113_1848682" style="top:0"> </div> </li> <li class="categoryMenuListItem"> <a id="categoryLink_1597113_1848682_2822682" onfocus="addBackgroundColourOnFocus(this)" onblur="removeBackgroundColourOnFocus(this)" aria-label="link" href="https://www.boots.com/gifting-/housewarming-gift-ideas-and-inspiration" name="Supermenu:Inspire Me:gifting:guide to the best housewarming gifts" title="guide to the best housewarming gifts" class="menuLink categoryLinkItem anchorDataToggle" role="menuitem" data-toggle="subcategoryMenu" onclick="analyticsJS.headObjectEventGtm(&quot;Inspire Me:gifting:guide to the best housewarming gifts&quot;)" tabindex="21"> <p class="categoryLinkOutput"><span class="menuItemLabel lowerLevelMenuListItem">guide to the best housewarming gifts</span></p> </a> <span data-icon="5" aria-hidden="true" class="globalNavArrow hide"></span> <div id="subcategoryLink_1597113_1848682_2822682" class="subcategoryMenu" data-parent="departmentMenu_1597113_1848682" style="top:0"> </div> </li> <li class="categoryMenuListItem"> <a id="categoryLink_1597113_1848682_3431682" onfocus="addBackgroundColourOnFocus(this)" onblur="removeBackgroundColourOnFocus(this)" aria-label="link" href="https://www.boots.com/gifting-/mothers-day-pamper-hamper" name="Supermenu:Inspire Me:gifting:how to create the ultimate pamper hamper this Mother’s Day" title="how to create the ultimate pamper hamper this Mother’s Day" class="menuLink categoryLinkItem anchorDataToggle" role="menuitem" data-toggle="subcategoryMenu" onclick="analyticsJS.headObjectEventGtm(&quot;Inspire Me:gifting:how to create the ultimate pamper hamper this Mother’s Day&quot;)" tabindex="21"> <p class="categoryLinkOutput"><span class="menuItemLabel lowerLevelMenuListItem">how to create the ultimate pamper hamper this Mother’s Day</span></p> </a> <span data-icon="5" aria-hidden="true" class="globalNavArrow hide"></span> <div id="subcategoryLink_1597113_1848682_3431682" class="subcategoryMenu" data-parent="departmentMenu_1597113_1848682" style="top:0"> </div> </li> <li class="categoryMenuListItem"> <a id="categoryLink_1597113_1848682_3428186" onfocus="addBackgroundColourOnFocus(this)" onblur="removeBackgroundColourOnFocus(this)" aria-label="link" href="https://www.boots.com/gifting-/mothers-day-gifts-for-every-budget" name="Supermenu:Inspire Me:gifting:Mother’s Day gifts for every budget" title="Mother’s Day gifts for every budget" class="menuLink categoryLinkItem anchorDataToggle" role="menuitem" data-toggle="subcategoryMenu" onclick="analyticsJS.headObjectEventGtm(&quot;Inspire Me:gifting:Mother’s Day gifts for every budget&quot;)" tabindex="21"> <p class="categoryLinkOutput"><span class="menuItemLabel lowerLevelMenuListItem">Mother’s Day gifts for every budget</span></p> </a> <span data-icon="5" aria-hidden="true" class="globalNavArrow hide"></span> <div id="subcategoryLink_1597113_1848682_3428186" class="subcategoryMenu" data-parent="departmentMenu_1597113_1848682" style="top:0"> </div> </li> <li class="categoryMenuListItem"> <a id="categoryLink_1597113_1848682_3423182" onfocus="addBackgroundColourOnFocus(this)" onblur="removeBackgroundColourOnFocus(this)" aria-label="link" href="https://www.boots.com/gifting-/easter-gift-ideas" name="Supermenu:Inspire Me:gifting:our top gift ideas for Easter" title="our top gift ideas for Easter" class="menuLink categoryLinkItem anchorDataToggle" role="menuitem" data-toggle="subcategoryMenu" onclick="analyticsJS.headObjectEventGtm(&quot;Inspire Me:gifting:our top gift ideas for Easter&quot;)" tabindex="21"> <p class="categoryLinkOutput"><span class="menuItemLabel lowerLevelMenuListItem">our top gift ideas for Easter</span></p> </a> <span data-icon="5" aria-hidden="true" class="globalNavArrow hide"></span> <div id="subcategoryLink_1597113_1848682_3423182" class="subcategoryMenu" data-parent="departmentMenu_1597113_1848682" style="top:0"> </div> </li> <li class="categoryMenuListItem"> <a id="categoryLink_1597113_1848682_2831686" onfocus="addBackgroundColourOnFocus(this)" onblur="removeBackgroundColourOnFocus(this)" aria-label="link" href="https://www.boots.com/gifting-/eid-gift-ideas" name="Supermenu:Inspire Me:gifting:our top gift ideas for Eid" title="our top gift ideas for Eid" class="menuLink categoryLinkItem anchorDataToggle" role="menuitem" data-toggle="subcategoryMenu" onclick="analyticsJS.headObjectEventGtm(&quot;Inspire Me:gifting:our top gift ideas for Eid&quot;)" tabindex="21"> <p class="categoryLinkOutput"><span class="menuItemLabel lowerLevelMenuListItem">our top gift ideas for Eid</span></p> </a> <span data-icon="5" aria-hidden="true" class="globalNavArrow hide"></span> <div id="subcategoryLink_1597113_1848682_2831686" class="subcategoryMenu" data-parent="departmentMenu_1597113_1848682" style="top:0"> </div> </li> <li class="categoryMenuListItem"> <a id="categoryLink_1597113_1848682_3247190" onfocus="addBackgroundColourOnFocus(this)" onblur="removeBackgroundColourOnFocus(this)" aria-label="link" href="https://www.boots.com/gifting-/30th-birthday-gifts-for-her" name="Supermenu:Inspire Me:gifting:the best 30th birthday beauty gifts to buy at Boots" title="the best 30th birthday beauty gifts to buy at Boots" class="menuLink categoryLinkItem anchorDataToggle" role="menuitem" data-toggle="subcategoryMenu" onclick="analyticsJS.headObjectEventGtm(&quot;Inspire Me:gifting:the best 30th birthday beauty gifts to buy at Boots&quot;)" tabindex="21"> <p class="categoryLinkOutput"><span class="menuItemLabel lowerLevelMenuListItem">the best 30th birthday beauty gifts to buy at Boots</span></p> </a> <span data-icon="5" aria-hidden="true" class="globalNavArrow hide"></span> <div id="subcategoryLink_1597113_1848682_3247190" class="subcategoryMenu" data-parent="departmentMenu_1597113_1848682" style="top:0"> </div> </li> <li class="categoryMenuListItem"> <a id="categoryLink_1597113_1848682_3250686" onfocus="addBackgroundColourOnFocus(this)" onblur="removeBackgroundColourOnFocus(this)" aria-label="link" href="https://www.boots.com/gifting-/best-40th-birthday-gifts-for-her" name="Supermenu:Inspire Me:gifting:the best 40th birthday gifts for her" title="the best 40th birthday gifts for her" class="menuLink categoryLinkItem anchorDataToggle" role="menuitem" data-toggle="subcategoryMenu" onclick="analyticsJS.headObjectEventGtm(&quot;Inspire Me:gifting:the best 40th birthday gifts for her&quot;)" tabindex="21"> <p class="categoryLinkOutput"><span class="menuItemLabel lowerLevelMenuListItem">the best 40th birthday gifts for her</span></p> </a> <span data-icon="5" aria-hidden="true" class="globalNavArrow hide"></span> <div id="subcategoryLink_1597113_1848682_3250686" class="subcategoryMenu" data-parent="departmentMenu_1597113_1848682" style="top:0"> </div> </li> <li class="categoryMenuListItem"> <a id="categoryLink_1597113_1848682_1633596" onfocus="addBackgroundColourOnFocus(this)" onblur="removeBackgroundColourOnFocus(this)" aria-label="link" href="https://www.boots.com/gifting-/gifts-for-couples" name="Supermenu:Inspire Me:gifting:the best gift experiences for couples" title="the best gift experiences for couples" class="menuLink categoryLinkItem anchorDataToggle" role="menuitem" data-toggle="subcategoryMenu" onclick="analyticsJS.headObjectEventGtm(&quot;Inspire Me:gifting:the best gift experiences for couples&quot;)" tabindex="21"> <p class="categoryLinkOutput"><span class="menuItemLabel lowerLevelMenuListItem">the best gift experiences for couples</span></p> </a> <span data-icon="5" aria-hidden="true" class="globalNavArrow hide"></span> <div id="subcategoryLink_1597113_1848682_1633596" class="subcategoryMenu" data-parent="departmentMenu_1597113_1848682" style="top:0"> </div> </li> <li class="categoryMenuListItem"> <a id="categoryLink_1597113_1848682_2908195" onfocus="addBackgroundColourOnFocus(this)" onblur="removeBackgroundColourOnFocus(this)" aria-label="link" href="https://www.boots.com/gifting-/best-gifts-for-new-parents" name="Supermenu:Inspire Me:gifting:the best gifts for new parents" title="the best gifts for new parents" class="menuLink categoryLinkItem anchorDataToggle" role="menuitem" data-toggle="subcategoryMenu" onclick="analyticsJS.headObjectEventGtm(&quot;Inspire Me:gifting:the best gifts for new parents&quot;)" tabindex="21"> <p class="categoryLinkOutput"><span class="menuItemLabel lowerLevelMenuListItem">the best gifts for new parents</span></p> </a> <span data-icon="5" aria-hidden="true" class="globalNavArrow hide"></span> <div id="subcategoryLink_1597113_1848682_2908195" class="subcategoryMenu" data-parent="departmentMenu_1597113_1848682" style="top:0"> </div> </li> <li class="categoryMenuListItem"> <a id="categoryLink_1597113_1848682_3142184" onfocus="addBackgroundColourOnFocus(this)" onblur="removeBackgroundColourOnFocus(this)" aria-label="link" href="https://www.boots.com/gifting-/going-to-uni-gift-guide" name="Supermenu:Inspire Me:gifting:The Boots going to uni gift guide" title="The Boots going to uni gift guide" class="menuLink categoryLinkItem anchorDataToggle" role="menuitem" data-toggle="subcategoryMenu" onclick="analyticsJS.headObjectEventGtm(&quot;Inspire Me:gifting:The Boots going to uni gift guide&quot;)" tabindex="21"> <p class="categoryLinkOutput"><span class="menuItemLabel lowerLevelMenuListItem">The Boots going to uni gift guide</span></p> </a> <span data-icon="5" aria-hidden="true" class="globalNavArrow hide"></span> <div id="subcategoryLink_1597113_1848682_3142184" class="subcategoryMenu" data-parent="departmentMenu_1597113_1848682" style="top:0"> </div> </li> <li class="categoryMenuListItem"> <a id="categoryLink_1597113_1848682_2696686" onfocus="addBackgroundColourOnFocus(this)" onblur="removeBackgroundColourOnFocus(this)" aria-label="link" href="https://www.boots.com/gifting-/photo-gift-ideas" name="Supermenu:Inspire Me:gifting:best photo gift ideas" title="best photo gift ideas" class="menuLink categoryLinkItem anchorDataToggle" role="menuitem" data-toggle="subcategoryMenu" onclick="analyticsJS.headObjectEventGtm(&quot;Inspire Me:gifting:best photo gift ideas&quot;)" tabindex="21"> <p class="categoryLinkOutput"><span class="menuItemLabel lowerLevelMenuListItem">best photo gift ideas</span></p> </a> <span data-icon="5" aria-hidden="true" class="globalNavArrow hide"></span> <div id="subcategoryLink_1597113_1848682_2696686" class="subcategoryMenu" data-parent="departmentMenu_1597113_1848682" style="top:0"> </div> </li> <li class="categoryMenuListItem"> <a id="categoryLink_1597113_1848682_2887687" onfocus="addBackgroundColourOnFocus(this)" onblur="removeBackgroundColourOnFocus(this)" aria-label="link" href="https://www.boots.com/gifting-/best-birthday-gifts" name="Supermenu:Inspire Me:gifting:the Boots guide to the best birthday gifts" title="the Boots guide to the best birthday gifts" class="menuLink categoryLinkItem anchorDataToggle" role="menuitem" data-toggle="subcategoryMenu" onclick="analyticsJS.headObjectEventGtm(&quot;Inspire Me:gifting:the Boots guide to the best birthday gifts&quot;)" tabindex="21"> <p class="categoryLinkOutput"><span class="menuItemLabel lowerLevelMenuListItem">the Boots guide to the best birthday gifts</span></p> </a> <span data-icon="5" aria-hidden="true" class="globalNavArrow hide"></span> <div id="subcategoryLink_1597113_1848682_2887687" class="subcategoryMenu" data-parent="departmentMenu_1597113_1848682" style="top:0"> </div> </li> <li class="categoryMenuListItem"> <a id="categoryLink_1597113_1848682_3013188" onfocus="addBackgroundColourOnFocus(this)" onblur="removeBackgroundColourOnFocus(this)" aria-label="link" href="https://www.boots.com/gifting-/best-engagement-gifts" name="Supermenu:Inspire Me:gifting:the Boots guide to the best engagement gifts" title="the Boots guide to the best engagement gifts" class="menuLink categoryLinkItem anchorDataToggle" role="menuitem" data-toggle="subcategoryMenu" onclick="analyticsJS.headObjectEventGtm(&quot;Inspire Me:gifting:the Boots guide to the best engagement gifts&quot;)" tabindex="21"> <p class="categoryLinkOutput"><span class="menuItemLabel lowerLevelMenuListItem">the Boots guide to the best engagement gifts</span></p> </a> <span data-icon="5" aria-hidden="true" class="globalNavArrow hide"></span> <div id="subcategoryLink_1597113_1848682_3013188" class="subcategoryMenu" data-parent="departmentMenu_1597113_1848682" style="top:0"> </div> </li> <li class="categoryMenuListItem"> <a id="categoryLink_1597113_1848682_2993190" onfocus="addBackgroundColourOnFocus(this)" onblur="removeBackgroundColourOnFocus(this)" aria-label="link" href="https://www.boots.com/gifting-/best-first-mothers-day-gifts" name="Supermenu:Inspire Me:gifting:The Boots guide to the best first Mother’s Day gifts" title="The Boots guide to the best first Mother’s Day gifts" class="menuLink categoryLinkItem anchorDataToggle" role="menuitem" data-toggle="subcategoryMenu" onclick="analyticsJS.headObjectEventGtm(&quot;Inspire Me:gifting:The Boots guide to the best first Mother’s Day gifts&quot;)" tabindex="21"> <p class="categoryLinkOutput"><span class="menuItemLabel lowerLevelMenuListItem">The Boots guide to the best first Mother’s Day gifts</span></p> </a> <span data-icon="5" aria-hidden="true" class="globalNavArrow hide"></span> <div id="subcategoryLink_1597113_1848682_2993190" class="subcategoryMenu" data-parent="departmentMenu_1597113_1848682" style="top:0"> </div> </li> <li class="categoryMenuListItem"> <a id="categoryLink_1597113_1848682_2776186" onfocus="addBackgroundColourOnFocus(this)" onblur="removeBackgroundColourOnFocus(this)" aria-label="link" href="https://www.boots.com/gifting-/best-letterbox-valentines-day-gifts" name="Supermenu:Inspire Me:gifting:the Boots guide to the best Galentine’s Day gift ideas" title="the Boots guide to the best Galentine’s Day gift ideas" class="menuLink categoryLinkItem anchorDataToggle" role="menuitem" data-toggle="subcategoryMenu" onclick="analyticsJS.headObjectEventGtm(&quot;Inspire Me:gifting:the Boots guide to the best Galentine’s Day gift ideas&quot;)" tabindex="21"> <p class="categoryLinkOutput"><span class="menuItemLabel lowerLevelMenuListItem">the Boots guide to the best Galentine’s Day gift ideas</span></p> </a> <span data-icon="5" aria-hidden="true" class="globalNavArrow hide"></span> <div id="subcategoryLink_1597113_1848682_2776186" class="subcategoryMenu" data-parent="departmentMenu_1597113_1848682" style="top:0"> </div> </li> <li class="categoryMenuListItem"> <a id="categoryLink_1597113_1848682_2026717" onfocus="addBackgroundColourOnFocus(this)" onblur="removeBackgroundColourOnFocus(this)" aria-label="link" href="https://www.boots.com/gifting-/home-fragrance-buying-guide" name="Supermenu:Inspire Me:gifting:the Boots guide to the best home fragrance gift ideas" title="the Boots guide to the best home fragrance gift ideas" class="menuLink categoryLinkItem anchorDataToggle" role="menuitem" data-toggle="subcategoryMenu" onclick="analyticsJS.headObjectEventGtm(&quot;Inspire Me:gifting:the Boots guide to the best home fragrance gift ideas&quot;)" tabindex="21"> <p class="categoryLinkOutput"><span class="menuItemLabel lowerLevelMenuListItem">the Boots guide to the best home fragrance gift ideas</span></p> </a> <span data-icon="5" aria-hidden="true" class="globalNavArrow hide"></span> <div id="subcategoryLink_1597113_1848682_2026717" class="subcategoryMenu" data-parent="departmentMenu_1597113_1848682" style="top:0"> </div> </li> <li class="categoryMenuListItem"> <a id="categoryLink_1597113_1848682_1878183" onfocus="addBackgroundColourOnFocus(this)" onblur="removeBackgroundColourOnFocus(this)" aria-label="link" href="https://www.boots.com/gifting-/valentines-day-gift-ideas" name="Supermenu:Inspire Me:gifting:The Boots guide to the best Valentine’s Day gifts" title="The Boots guide to the best Valentine’s Day gifts" class="menuLink categoryLinkItem anchorDataToggle" role="menuitem" data-toggle="subcategoryMenu" onclick="analyticsJS.headObjectEventGtm(&quot;Inspire Me:gifting:The Boots guide to the best Valentine’s Day gifts&quot;)" tabindex="21"> <p class="categoryLinkOutput"><span class="menuItemLabel lowerLevelMenuListItem">The Boots guide to the best Valentine’s Day gifts</span></p> </a> <span data-icon="5" aria-hidden="true" class="globalNavArrow hide"></span> <div id="subcategoryLink_1597113_1848682_1878183" class="subcategoryMenu" data-parent="departmentMenu_1597113_1848682" style="top:0"> </div> </li> <li class="categoryMenuListItem"> <a id="categoryLink_1597113_1848682_2996687" onfocus="addBackgroundColourOnFocus(this)" onblur="removeBackgroundColourOnFocus(this)" aria-label="link" href="https://www.boots.com/gifting-/best-gifts-for-mum-who-has-everything" name="Supermenu:Inspire Me:gifting:The Boots guide to thoughtful gifts for mums who have everything" title="The Boots guide to thoughtful gifts for mums who have everything" class="menuLink categoryLinkItem anchorDataToggle" role="menuitem" data-toggle="subcategoryMenu" onclick="analyticsJS.headObjectEventGtm(&quot;Inspire Me:gifting:The Boots guide to thoughtful gifts for mums who have everything&quot;)" tabindex="21"> <p class="categoryLinkOutput"><span class="menuItemLabel lowerLevelMenuListItem">The Boots guide to thoughtful gifts for mums who have everything</span></p> </a> <span data-icon="5" aria-hidden="true" class="globalNavArrow hide"></span> <div id="subcategoryLink_1597113_1848682_2996687" class="subcategoryMenu" data-parent="departmentMenu_1597113_1848682" style="top:0"> </div> </li> </ul> </div> </li> <li class="departmentMenuListItem"> <a id="departmentLink_2613182" onfocus="addBackgroundColourOnFocus(this)" onblur="removeBackgroundColourOnFocus(this)" name="Supermenu:Inspire Me:Boots Beauty Specialists" title="Boots Beauty Specialists" href="https://www.boots.com/boots-beauty-specialists" class="12 link menuLink departmentLinkItem anchorDataToggle" data-toggle="departmentList" onclick="analyticsJS.headObjectEventGtm(&quot;Inspire Me:Boots Beauty Specialists&quot;)" role="menuitem" tabindex="20" aria-label="link"> <p class="departmentLinkOutput"><span class="menuItemLabel lowerLevelMenuListItem">Boots Beauty Specialists</span></p> </a> <span data-icon="5" aria-hidden="true" class="globalNavArrow hide" id="departmenrGlobalNavArrow"></span> <div id="departmentMenu_1597113_2613182" class="departmentMenu departmentList" data-parent="departmentMenu" data-id="2613182" aria-label="Boots Beauty Specialists" style="top:65px" data-espot-show="ESpot_boots-beauty-specialists"> </div> </li> <li class="departmentMenuListItem"> <a id="departmentLink_2477185" onfocus="addBackgroundColourOnFocus(this)" onblur="removeBackgroundColourOnFocus(this)" name="Supermenu:Inspire Me:recycle at Boots" title="recycle at Boots" href="https://www.boots.com/boots-recycling-scheme" class="13 link menuLink departmentLinkItem anchorDataToggle" data-toggle="departmentList" onclick="analyticsJS.headObjectEventGtm(&quot;Inspire Me:recycle at Boots&quot;)" role="menuitem" tabindex="20" aria-label="link"> <p class="departmentLinkOutput"><span class="menuItemLabel lowerLevelMenuListItem">recycle at Boots</span></p> </a> <span data-icon="5" aria-hidden="true" class="globalNavArrow hide" id="departmenrGlobalNavArrow"></span> <div id="departmentMenu_1597113_2477185" class="departmentMenu departmentList" data-parent="departmentMenu" data-id="2477185" aria-label="recycle at Boots" style="top:65px" data-espot-show="ESpot_boots-recycling-scheme"> </div> </li> </ul> </div> </li>  <li class="topLevelMenuListItem"> <a id="topLevelLink_2357689" name="Supermenu:Offers" title="Offers" aria-label="Offers link, collapsed content" href="#" class="4 departmentButton anchorDataToggle" role="menuitem" aria-haspopup="true" data-toggle="topLevelMenu_2357689" tabindex="23"> <span class="menuItemLabel">Offers </span> </a> <span data-icon="5" aria-hidden="true" class="globalNavArrow topLevelMenuMobileArrow"></span> <div id="topLevelMenu_2357689" class="departmentMenu topLevelMenu"> <ul id="departmentMenu" role="menu" data-parent="topLevelMenu"> <li class="mobileNavBackButtons" onclick="toggle(document.getElementById(&quot;departmentMenu&quot;)),setUpMobileBurgerMenu(this,&quot;departmentMenu&quot;),deactivate(document.getElementById(&quot;topLevelMenu_2357689&quot;))"> <span data-icon="4" aria-hidden="true" class="mobileBackArrow"></span> <a id="departmentLink_backButtons" class="mobileBackLink" tabindex="24"> <span class="menuItemLabel lowerLevelMenuListItem">Offers</span> </a> </li> <li class="departmentMenuListItem"> <a id="departmentLink_1595024" onfocus="addBackgroundColourOnFocus(this)" onblur="removeBackgroundColourOnFocus(this)" name="Supermenu:Offers:offers" title="offers" href="https://www.boots.com/offers" class="0 link menuLink departmentLinkItem anchorDataToggle" data-toggle="departmentList" onclick="analyticsJS.headObjectEventGtm(&quot;Offers:offers&quot;)" role="menuitem" tabindex="24" aria-label="link"> <p class="departmentLinkOutput"><span class="menuItemLabel lowerLevelMenuListItem">offers</span></p> </a> <span data-icon="5" aria-hidden="true" class="globalNavArrow hide" id="departmenrGlobalNavArrow"></span> <div id="departmentMenu_2357689_1595024" class="departmentMenu departmentList" data-parent="departmentMenu" data-id="1595024" aria-label="offers" style="top:65px" data-espot-show="ESpot_offers"> </div> </li> <li class="departmentMenuListItem"> <a id="departmentLink_3336181" onfocus="addBackgroundColourOnFocus(this)" onblur="removeBackgroundColourOnFocus(this)" name="Supermenu:Offers:free next day delivery" title="free next day delivery" href="https://www.boots.com/delivery-offers" class="1 link menuLink departmentLinkItem anchorDataToggle" data-toggle="departmentList" onclick="analyticsJS.headObjectEventGtm(&quot;Offers:free next day delivery&quot;)" role="menuitem" tabindex="24" aria-label="link"> <p class="departmentLinkOutput"><span class="menuItemLabel lowerLevelMenuListItem">free next day delivery</span></p> </a> <span data-icon="5" aria-hidden="true" class="globalNavArrow hide" id="departmenrGlobalNavArrow"></span> <div id="departmentMenu_2357689_3336181" class="departmentMenu departmentList" data-parent="departmentMenu" data-id="3336181" aria-label="free next day delivery" style="top:65px" data-espot-show="ESpot_delivery-offers"> </div> </li> <li class="departmentMenuListItem"> <a id="departmentLink_3401681" onfocus="addBackgroundColourOnFocus(this)" onblur="removeBackgroundColourOnFocus(this)" name="Supermenu:Offers:best for less" title="best for less" href="javascript:;" class="2 link menuLink departmentLinkItem anchorDataToggle" data-toggle="departmentMenu_2357689_3401681" role="menuitem" tabindex="24" aria-label="link, collapsed content"> <p class="departmentLinkOutput"><span class="menuItemLabel lowerLevelMenuListItem">best for less</span></p> </a> <span data-icon="5" aria-hidden="true" class="globalNavArrow" id="departmenrGlobalNavArrow"></span> <div id="departmentMenu_2357689_3401681" class="departmentMenu departmentList" role="menu" data-parent="departmentMenu" data-id="3401681" aria-label="best for less" style="top:65px" data-espot-show="ESpot_best-for-less"> <ul id="catergoryList" class="categoryList" data-parent="departmentMenu" data-toggle="departmentMenu_2357689_3401681" style="top:-65px"> <li class="mobileNavBackButtons" onclick="toggle(document.getElementById(&quot;departmentMenu_2357689_3401681&quot;)),setUpMobileBurgerMenu(this,&quot;catergoryList&quot;)"> <span data-icon="4" aria-hidden="true" class="mobileBackArrow"></span> <a class="mobileBackLink" tabindex="25"> <span class="menuItemLabel lowerLevelMenuListItem">best for less</span> </a> </li> <li class="categoryMenuListItem"> <a id="departmentLink_3401681_view_all" onfocus="addBackgroundColourOnFocus(this)" onblur="removeBackgroundColourOnFocus(this)" onclick="analyticsJS.headObjectEventGtm(&quot;Offers : visit best for less&quot;)" name="Supermenu:Offers:View all best for less" href="https://www.boots.com/best-for-less" class="viewAllHeader" role="menuitem" tabindex="25" data-toggle="subcategoryMenu"> <p class="categoryLinkOutput"><span class="menuItemLabel lowerLevelMenuListItem">visit&nbsp;best for less</span></p> </a> </li> <li class="categoryMenuListItem"> <a id="categoryLink_2357689_3401681_3401682" onfocus="addBackgroundColourOnFocus(this)" onblur="removeBackgroundColourOnFocus(this)" aria-label="link" href="https://www.boots.com/best-for-less/everyday-essentials" name="Supermenu:Offers:best for less:everyday essentials £2 and under" title="everyday essentials £2 and under" class="menuLink categoryLinkItem anchorDataToggle" role="menuitem" data-toggle="subcategoryMenu" onclick="analyticsJS.headObjectEventGtm(&quot;Offers:best for less:everyday essentials £2 and under&quot;)" tabindex="25"> <p class="categoryLinkOutput"><span class="menuItemLabel lowerLevelMenuListItem">everyday essentials £2 and under</span></p> </a> <span data-icon="5" aria-hidden="true" class="globalNavArrow hide"></span> <div id="subcategoryLink_2357689_3401681_3401682" class="subcategoryMenu" data-parent="departmentMenu_2357689_3401681" style="top:0"> </div> </li> </ul> </div> </li> <li class="departmentMenuListItem"> <a id="departmentLink_1595224" onfocus="addBackgroundColourOnFocus(this)" onblur="removeBackgroundColourOnFocus(this)" name="Supermenu:Offers:sale" title="sale" href="javascript:;" class="3 link menuLink departmentLinkItem anchorDataToggle" data-toggle="departmentMenu_2357689_1595224" role="menuitem" tabindex="24" aria-label="link, collapsed content"> <p class="departmentLinkOutput"><span class="menuItemLabel lowerLevelMenuListItem">sale</span></p> </a> <span data-icon="5" aria-hidden="true" class="globalNavArrow" id="departmenrGlobalNavArrow"></span> <div id="departmentMenu_2357689_1595224" class="departmentMenu departmentList" role="menu" data-parent="departmentMenu" data-id="1595224" aria-label="sale" style="top:65px" data-espot-show="ESpot_sale"> <ul id="catergoryList" class="categoryList" data-parent="departmentMenu" data-toggle="departmentMenu_2357689_1595224" style="top:-65px"> <li class="mobileNavBackButtons" onclick="toggle(document.getElementById(&quot;departmentMenu_2357689_1595224&quot;)),setUpMobileBurgerMenu(this,&quot;catergoryList&quot;)"> <span data-icon="4" aria-hidden="true" class="mobileBackArrow"></span> <a class="mobileBackLink" tabindex="25"> <span class="menuItemLabel lowerLevelMenuListItem">sale</span> </a> </li> <li class="categoryMenuListItem"> <a id="departmentLink_1595224_view_all" onfocus="addBackgroundColourOnFocus(this)" onblur="removeBackgroundColourOnFocus(this)" onclick="analyticsJS.headObjectEventGtm(&quot;Offers : visit sale&quot;)" name="Supermenu:Offers:View all sale" href="https://www.boots.com/sale" class="viewAllHeader" role="menuitem" tabindex="25" data-toggle="subcategoryMenu"> <p class="categoryLinkOutput"><span class="menuItemLabel lowerLevelMenuListItem">visit&nbsp;sale</span></p> </a> </li> <li class="categoryMenuListItem"> <a id="categoryLink_2357689_1595224_1871187" onfocus="addBackgroundColourOnFocus(this)" onblur="removeBackgroundColourOnFocus(this)" aria-label="link" href="https://www.boots.com/sale/christmas-gift-sale" name="Supermenu:Offers:sale:gift" title="gift" class="menuLink categoryLinkItem anchorDataToggle" role="menuitem" data-toggle="subcategoryMenu" onclick="analyticsJS.headObjectEventGtm(&quot;Offers:sale:gift&quot;)" tabindex="25"> <p class="categoryLinkOutput"><span class="menuItemLabel lowerLevelMenuListItem">gift</span></p> </a> <span data-icon="5" aria-hidden="true" class="globalNavArrow hide"></span> <div id="subcategoryLink_2357689_1595224_1871187" class="subcategoryMenu" data-parent="departmentMenu_2357689_1595224" style="top:0"> </div> </li> <li class="categoryMenuListItem"> <a id="categoryLink_2357689_1595224_1870680" onfocus="addBackgroundColourOnFocus(this)" onblur="removeBackgroundColourOnFocus(this)" aria-label="link" href="https://www.boots.com/sale/fragrance-sale" name="Supermenu:Offers:sale:fragrance" title="fragrance" class="menuLink categoryLinkItem anchorDataToggle" role="menuitem" data-toggle="subcategoryMenu" onclick="analyticsJS.headObjectEventGtm(&quot;Offers:sale:fragrance&quot;)" tabindex="25"> <p class="categoryLinkOutput"><span class="menuItemLabel lowerLevelMenuListItem">fragrance</span></p> </a> <span data-icon="5" aria-hidden="true" class="globalNavArrow hide"></span> <div id="subcategoryLink_2357689_1595224_1870680" class="subcategoryMenu" data-parent="departmentMenu_2357689_1595224" style="top:0"> </div> </li> <li class="categoryMenuListItem"> <a id="categoryLink_2357689_1595224_1870684" onfocus="addBackgroundColourOnFocus(this)" onblur="removeBackgroundColourOnFocus(this)" aria-label="link" href="https://www.boots.com/sale/beauty-sale" name="Supermenu:Offers:sale:beauty" title="beauty" class="menuLink categoryLinkItem anchorDataToggle" role="menuitem" data-toggle="subcategoryMenu" onclick="analyticsJS.headObjectEventGtm(&quot;Offers:sale:beauty&quot;)" tabindex="25"> <p class="categoryLinkOutput"><span class="menuItemLabel lowerLevelMenuListItem">beauty</span></p> </a> <span data-icon="5" aria-hidden="true" class="globalNavArrow hide"></span> <div id="subcategoryLink_2357689_1595224_1870684" class="subcategoryMenu" data-parent="departmentMenu_2357689_1595224" style="top:0"> </div> </li> <li class="categoryMenuListItem"> <a id="categoryLink_2357689_1595224_1870682" onfocus="addBackgroundColourOnFocus(this)" onblur="removeBackgroundColourOnFocus(this)" aria-label="link" href="https://www.boots.com/sale/baby-child-sale" name="Supermenu:Offers:sale:baby" title="baby" class="menuLink categoryLinkItem anchorDataToggle" role="menuitem" data-toggle="subcategoryMenu" onclick="analyticsJS.headObjectEventGtm(&quot;Offers:sale:baby&quot;)" tabindex="25"> <p class="categoryLinkOutput"><span class="menuItemLabel lowerLevelMenuListItem">baby</span></p> </a> <span data-icon="5" aria-hidden="true" class="globalNavArrow hide"></span> <div id="subcategoryLink_2357689_1595224_1870682" class="subcategoryMenu" data-parent="departmentMenu_2357689_1595224" style="top:0"> </div> </li> <li class="categoryMenuListItem"> <a id="categoryLink_2357689_1595224_1870679" onfocus="addBackgroundColourOnFocus(this)" onblur="removeBackgroundColourOnFocus(this)" aria-label="link" href="https://www.boots.com/sale/electrical-sale" name="Supermenu:Offers:sale:electrical" title="electrical" class="menuLink categoryLinkItem anchorDataToggle" role="menuitem" data-toggle="subcategoryMenu" onclick="analyticsJS.headObjectEventGtm(&quot;Offers:sale:electrical&quot;)" tabindex="25"> <p class="categoryLinkOutput"><span class="menuItemLabel lowerLevelMenuListItem">electrical</span></p> </a> <span data-icon="5" aria-hidden="true" class="globalNavArrow hide"></span> <div id="subcategoryLink_2357689_1595224_1870679" class="subcategoryMenu" data-parent="departmentMenu_2357689_1595224" style="top:0"> </div> </li> <li class="categoryMenuListItem"> <a id="categoryLink_2357689_1595224_1870681" onfocus="addBackgroundColourOnFocus(this)" onblur="removeBackgroundColourOnFocus(this)" aria-label="link" href="https://www.boots.com/sale/luxury-beauty-sale" name="Supermenu:Offers:sale:premium beauty" title="premium beauty" class="menuLink categoryLinkItem anchorDataToggle" role="menuitem" data-toggle="subcategoryMenu" onclick="analyticsJS.headObjectEventGtm(&quot;Offers:sale:premium beauty&quot;)" tabindex="25"> <p class="categoryLinkOutput"><span class="menuItemLabel lowerLevelMenuListItem">premium beauty</span></p> </a> <span data-icon="5" aria-hidden="true" class="globalNavArrow hide"></span> <div id="subcategoryLink_2357689_1595224_1870681" class="subcategoryMenu" data-parent="departmentMenu_2357689_1595224" style="top:0"> </div> </li> <li class="categoryMenuListItem"> <a id="categoryLink_2357689_1595224_2528182" onfocus="addBackgroundColourOnFocus(this)" onblur="removeBackgroundColourOnFocus(this)" aria-label="link" href="https://www.boots.com/sale/health-sale" name="Supermenu:Offers:sale:health" title="health" class="menuLink categoryLinkItem anchorDataToggle" role="menuitem" data-toggle="subcategoryMenu" onclick="analyticsJS.headObjectEventGtm(&quot;Offers:sale:health&quot;)" tabindex="25"> <p class="categoryLinkOutput"><span class="menuItemLabel lowerLevelMenuListItem">health</span></p> </a> <span data-icon="5" aria-hidden="true" class="globalNavArrow hide"></span> <div id="subcategoryLink_2357689_1595224_2528182" class="subcategoryMenu" data-parent="departmentMenu_2357689_1595224" style="top:0"> </div> </li> <li class="categoryMenuListItem"> <a id="categoryLink_2357689_1595224_2528181" onfocus="addBackgroundColourOnFocus(this)" onblur="removeBackgroundColourOnFocus(this)" aria-label="link" href="https://www.boots.com/sale/toiletries-sale" name="Supermenu:Offers:sale:toiletries" title="toiletries" class="menuLink categoryLinkItem anchorDataToggle" role="menuitem" data-toggle="subcategoryMenu" onclick="analyticsJS.headObjectEventGtm(&quot;Offers:sale:toiletries&quot;)" tabindex="25"> <p class="categoryLinkOutput"><span class="menuItemLabel lowerLevelMenuListItem">toiletries</span></p> </a> <span data-icon="5" aria-hidden="true" class="globalNavArrow hide"></span> <div id="subcategoryLink_2357689_1595224_2528181" class="subcategoryMenu" data-parent="departmentMenu_2357689_1595224" style="top:0"> </div> </li> </ul> </div> </li> <li class="departmentMenuListItem"> <a id="departmentLink_1923680" onfocus="addBackgroundColourOnFocus(this)" onblur="removeBackgroundColourOnFocus(this)" name="Supermenu:Offers:clearance" title="clearance" href="https://www.boots.com/all-clearance" class="4 link menuLink departmentLinkItem anchorDataToggle" data-toggle="departmentList" onclick="analyticsJS.headObjectEventGtm(&quot;Offers:clearance&quot;)" role="menuitem" tabindex="24" aria-label="link"> <p class="departmentLinkOutput"><span class="menuItemLabel lowerLevelMenuListItem">clearance</span></p> </a> <span data-icon="5" aria-hidden="true" class="globalNavArrow hide" id="departmenrGlobalNavArrow"></span> <div id="departmentMenu_2357689_1923680" class="departmentMenu departmentList" data-parent="departmentMenu" data-id="1923680" aria-label="clearance" style="top:65px" data-espot-show="ESpot_all-clearance"> </div> </li> <li class="departmentMenuListItem"> <a id="departmentLink_2583681" onfocus="addBackgroundColourOnFocus(this)" onblur="removeBackgroundColourOnFocus(this)" name="Supermenu:Offers:£10 Tuesday" title="£10 Tuesday" href="https://www.boots.com/tuesday-offer" class="5 link menuLink departmentLinkItem anchorDataToggle" data-toggle="departmentList" onclick="analyticsJS.headObjectEventGtm(&quot;Offers:£10 Tuesday&quot;)" role="menuitem" tabindex="24" aria-label="link"> <p class="departmentLinkOutput"><span class="menuItemLabel lowerLevelMenuListItem">£10 Tuesday</span></p> </a> <span data-icon="5" aria-hidden="true" class="globalNavArrow hide" id="departmenrGlobalNavArrow"></span> <div id="departmentMenu_2357689_2583681" class="departmentMenu departmentList" data-parent="departmentMenu" data-id="2583681" aria-label="£10 Tuesday" style="top:65px" data-espot-show="ESpot_tuesday-offer"> </div> </li> <li class="departmentMenuListItem"> <a id="departmentLink_2608690" onfocus="addBackgroundColourOnFocus(this)" onblur="removeBackgroundColourOnFocus(this)" name="Supermenu:Offers:savings" title="savings" href="javascript:;" class="6 link menuLink departmentLinkItem anchorDataToggle" data-toggle="departmentMenu_2357689_2608690" role="menuitem" tabindex="24" aria-label="link, collapsed content"> <p class="departmentLinkOutput"><span class="menuItemLabel lowerLevelMenuListItem">savings</span></p> </a> <span data-icon="5" aria-hidden="true" class="globalNavArrow" id="departmenrGlobalNavArrow"></span> <div id="departmentMenu_2357689_2608690" class="departmentMenu departmentList" role="menu" data-parent="departmentMenu" data-id="2608690" aria-label="savings" style="top:65px" data-espot-show="ESpot_savings"> <ul id="catergoryList" class="categoryList" data-parent="departmentMenu" data-toggle="departmentMenu_2357689_2608690" style="top:-65px"> <li class="mobileNavBackButtons" onclick="toggle(document.getElementById(&quot;departmentMenu_2357689_2608690&quot;)),setUpMobileBurgerMenu(this,&quot;catergoryList&quot;)"> <span data-icon="4" aria-hidden="true" class="mobileBackArrow"></span> <a class="mobileBackLink" tabindex="25"> <span class="menuItemLabel lowerLevelMenuListItem">savings</span> </a> </li> <li class="categoryMenuListItem"> <a id="departmentLink_2608690_view_all" onfocus="addBackgroundColourOnFocus(this)" onblur="removeBackgroundColourOnFocus(this)" onclick="analyticsJS.headObjectEventGtm(&quot;Offers : visit savings&quot;)" name="Supermenu:Offers:View all savings" href="https://www.boots.com/savings" class="viewAllHeader" role="menuitem" tabindex="25" data-toggle="subcategoryMenu"> <p class="categoryLinkOutput"><span class="menuItemLabel lowerLevelMenuListItem">visit&nbsp;savings</span></p> </a> </li> <li class="categoryMenuListItem"> <a id="categoryLink_2357689_2608690_3059185" onfocus="addBackgroundColourOnFocus(this)" onblur="removeBackgroundColourOnFocus(this)" aria-label="link" href="https://www.boots.com/savings/haircare-savings" name="Supermenu:Offers:savings:haircare savings" title="haircare savings" class="menuLink categoryLinkItem anchorDataToggle" role="menuitem" data-toggle="subcategoryMenu" onclick="analyticsJS.headObjectEventGtm(&quot;Offers:savings:haircare savings&quot;)" tabindex="25"> <p class="categoryLinkOutput"><span class="menuItemLabel lowerLevelMenuListItem">haircare savings</span></p> </a> <span data-icon="5" aria-hidden="true" class="globalNavArrow hide"></span> <div id="subcategoryLink_2357689_2608690_3059185" class="subcategoryMenu" data-parent="departmentMenu_2357689_2608690" style="top:0"> </div> </li> <li class="categoryMenuListItem"> <a id="categoryLink_2357689_2608690_3059186" onfocus="addBackgroundColourOnFocus(this)" onblur="removeBackgroundColourOnFocus(this)" aria-label="link" href="https://www.boots.com/savings/toiletries-savings" name="Supermenu:Offers:savings:toiletries savings" title="toiletries savings" class="menuLink categoryLinkItem anchorDataToggle" role="menuitem" data-toggle="subcategoryMenu" onclick="analyticsJS.headObjectEventGtm(&quot;Offers:savings:toiletries savings&quot;)" tabindex="25"> <p class="categoryLinkOutput"><span class="menuItemLabel lowerLevelMenuListItem">toiletries savings</span></p> </a> <span data-icon="5" aria-hidden="true" class="globalNavArrow hide"></span> <div id="subcategoryLink_2357689_2608690_3059186" class="subcategoryMenu" data-parent="departmentMenu_2357689_2608690" style="top:0"> </div> </li> <li class="categoryMenuListItem"> <a id="categoryLink_2357689_2608690_2608692" onfocus="addBackgroundColourOnFocus(this)" onblur="removeBackgroundColourOnFocus(this)" aria-label="link" href="https://www.boots.com/savings/beauty-savings" name="Supermenu:Offers:savings:beauty savings" title="beauty savings" class="menuLink categoryLinkItem anchorDataToggle" role="menuitem" data-toggle="subcategoryMenu" onclick="analyticsJS.headObjectEventGtm(&quot;Offers:savings:beauty savings&quot;)" tabindex="25"> <p class="categoryLinkOutput"><span class="menuItemLabel lowerLevelMenuListItem">beauty savings</span></p> </a> <span data-icon="5" aria-hidden="true" class="globalNavArrow hide"></span> <div id="subcategoryLink_2357689_2608690_2608692" class="subcategoryMenu" data-parent="departmentMenu_2357689_2608690" style="top:0"> </div> </li> <li class="categoryMenuListItem"> <a id="categoryLink_2357689_2608690_2608693" onfocus="addBackgroundColourOnFocus(this)" onblur="removeBackgroundColourOnFocus(this)" aria-label="link" href="https://www.boots.com/savings/electrical-beauty-savings" name="Supermenu:Offers:savings:electrical beauty savings" title="electrical beauty savings" class="menuLink categoryLinkItem anchorDataToggle" role="menuitem" data-toggle="subcategoryMenu" onclick="analyticsJS.headObjectEventGtm(&quot;Offers:savings:electrical beauty savings&quot;)" tabindex="25"> <p class="categoryLinkOutput"><span class="menuItemLabel lowerLevelMenuListItem">electrical beauty savings</span></p> </a> <span data-icon="5" aria-hidden="true" class="globalNavArrow hide"></span> <div id="subcategoryLink_2357689_2608690_2608693" class="subcategoryMenu" data-parent="departmentMenu_2357689_2608690" style="top:0"> </div> </li> <li class="categoryMenuListItem"> <a id="categoryLink_2357689_2608690_2608694" onfocus="addBackgroundColourOnFocus(this)" onblur="removeBackgroundColourOnFocus(this)" aria-label="link" href="https://www.boots.com/savings/fragrance-savings" name="Supermenu:Offers:savings:fragrance savings" title="fragrance savings" class="menuLink categoryLinkItem anchorDataToggle" role="menuitem" data-toggle="subcategoryMenu" onclick="analyticsJS.headObjectEventGtm(&quot;Offers:savings:fragrance savings&quot;)" tabindex="25"> <p class="categoryLinkOutput"><span class="menuItemLabel lowerLevelMenuListItem">fragrance savings</span></p> </a> <span data-icon="5" aria-hidden="true" class="globalNavArrow hide"></span> <div id="subcategoryLink_2357689_2608690_2608694" class="subcategoryMenu" data-parent="departmentMenu_2357689_2608690" style="top:0"> </div> </li> <li class="categoryMenuListItem"> <a id="categoryLink_2357689_2608690_2608698" onfocus="addBackgroundColourOnFocus(this)" onblur="removeBackgroundColourOnFocus(this)" aria-label="link" href="https://www.boots.com/savings/no7-savings" name="Supermenu:Offers:savings:No7 savings" title="No7 savings" class="menuLink categoryLinkItem anchorDataToggle" role="menuitem" data-toggle="subcategoryMenu" onclick="analyticsJS.headObjectEventGtm(&quot;Offers:savings:No7 savings&quot;)" tabindex="25"> <p class="categoryLinkOutput"><span class="menuItemLabel lowerLevelMenuListItem">No7 savings</span></p> </a> <span data-icon="5" aria-hidden="true" class="globalNavArrow hide"></span> <div id="subcategoryLink_2357689_2608690_2608698" class="subcategoryMenu" data-parent="departmentMenu_2357689_2608690" style="top:0"> </div> </li> <li class="categoryMenuListItem"> <a id="categoryLink_2357689_2608690_2608691" onfocus="addBackgroundColourOnFocus(this)" onblur="removeBackgroundColourOnFocus(this)" aria-label="link" href="https://www.boots.com/savings/baby-and-child-savings" name="Supermenu:Offers:savings:baby and child savings" title="baby and child savings" class="menuLink categoryLinkItem anchorDataToggle" role="menuitem" data-toggle="subcategoryMenu" onclick="analyticsJS.headObjectEventGtm(&quot;Offers:savings:baby and child savings&quot;)" tabindex="25"> <p class="categoryLinkOutput"><span class="menuItemLabel lowerLevelMenuListItem">baby and child savings</span></p> </a> <span data-icon="5" aria-hidden="true" class="globalNavArrow hide"></span> <div id="subcategoryLink_2357689_2608690_2608691" class="subcategoryMenu" data-parent="departmentMenu_2357689_2608690" style="top:0"> </div> </li> <li class="categoryMenuListItem"> <a id="categoryLink_2357689_2608690_2608695" onfocus="addBackgroundColourOnFocus(this)" onblur="removeBackgroundColourOnFocus(this)" aria-label="link" href="https://www.boots.com/savings/healthcare-savings" name="Supermenu:Offers:savings:healthcare savings" title="healthcare savings" class="menuLink categoryLinkItem anchorDataToggle" role="menuitem" data-toggle="subcategoryMenu" onclick="analyticsJS.headObjectEventGtm(&quot;Offers:savings:healthcare savings&quot;)" tabindex="25"> <p class="categoryLinkOutput"><span class="menuItemLabel lowerLevelMenuListItem">healthcare savings</span></p> </a> <span data-icon="5" aria-hidden="true" class="globalNavArrow hide"></span> <div id="subcategoryLink_2357689_2608690_2608695" class="subcategoryMenu" data-parent="departmentMenu_2357689_2608690" style="top:0"> </div> </li> <li class="categoryMenuListItem"> <a id="categoryLink_2357689_2608690_2608697" onfocus="addBackgroundColourOnFocus(this)" onblur="removeBackgroundColourOnFocus(this)" aria-label="link" href="https://www.boots.com/savings/skincare-savings" name="Supermenu:Offers:savings:skincare savings" title="skincare savings" class="menuLink categoryLinkItem anchorDataToggle" role="menuitem" data-toggle="subcategoryMenu" onclick="analyticsJS.headObjectEventGtm(&quot;Offers:savings:skincare savings&quot;)" tabindex="25"> <p class="categoryLinkOutput"><span class="menuItemLabel lowerLevelMenuListItem">skincare savings</span></p> </a> <span data-icon="5" aria-hidden="true" class="globalNavArrow hide"></span> <div id="subcategoryLink_2357689_2608690_2608697" class="subcategoryMenu" data-parent="departmentMenu_2357689_2608690" style="top:0"> </div> </li> </ul> </div> </li> <li class="departmentMenuListItem"> <a id="departmentLink_1891719" onfocus="addBackgroundColourOnFocus(this)" onblur="removeBackgroundColourOnFocus(this)" name="Supermenu:Offers:value packs &amp; bundles" title="value packs &amp; bundles" href="javascript:;" class="7 link menuLink departmentLinkItem anchorDataToggle" data-toggle="departmentMenu_2357689_1891719" role="menuitem" tabindex="24" aria-label="link, collapsed content"> <p class="departmentLinkOutput"><span class="menuItemLabel lowerLevelMenuListItem">value packs &amp; bundles</span></p> </a> <span data-icon="5" aria-hidden="true" class="globalNavArrow" id="departmenrGlobalNavArrow"></span> <div id="departmentMenu_2357689_1891719" class="departmentMenu departmentList" role="menu" data-parent="departmentMenu" data-id="1891719" aria-label="value packs &amp; bundles" style="top:65px" data-espot-show="ESpot_value-packs-and-bundles"> <ul id="catergoryList" class="categoryList" data-parent="departmentMenu" data-toggle="departmentMenu_2357689_1891719" style="top:-65px"> <li class="mobileNavBackButtons" onclick="toggle(document.getElementById(&quot;departmentMenu_2357689_1891719&quot;)),setUpMobileBurgerMenu(this,&quot;catergoryList&quot;)"> <span data-icon="4" aria-hidden="true" class="mobileBackArrow"></span> <a class="mobileBackLink" tabindex="25"> <span class="menuItemLabel lowerLevelMenuListItem">value packs &amp; bundles</span> </a> </li> <li class="categoryMenuListItem"> <a id="departmentLink_1891719_view_all" onfocus="addBackgroundColourOnFocus(this)" onblur="removeBackgroundColourOnFocus(this)" onclick="analyticsJS.headObjectEventGtm(&quot;Offers : visit value packs &amp; bundles&quot;)" name="Supermenu:Offers:View all value packs &amp; bundles" href="https://www.boots.com/value-packs-and-bundles" class="viewAllHeader" role="menuitem" tabindex="25" data-toggle="subcategoryMenu"> <p class="categoryLinkOutput"><span class="menuItemLabel lowerLevelMenuListItem">visit&nbsp;value packs &amp; bundles</span></p> </a> </li> <li class="categoryMenuListItem"> <a id="categoryLink_2357689_1891719_1943680" onfocus="addBackgroundColourOnFocus(this)" onblur="removeBackgroundColourOnFocus(this)" aria-label="link" href="https://www.boots.com/value-packs-and-bundles/all-value-packs-and-bundles" name="Supermenu:Offers:value packs &amp; bundles:all value packs &amp; bundles" title="all value packs &amp; bundles" class="menuLink categoryLinkItem anchorDataToggle" role="menuitem" data-toggle="subcategoryMenu" onclick="analyticsJS.headObjectEventGtm(&quot;Offers:value packs &amp; bundles:all value packs &amp; bundles&quot;)" tabindex="25"> <p class="categoryLinkOutput"><span class="menuItemLabel lowerLevelMenuListItem">all value packs &amp; bundles</span></p> </a> <span data-icon="5" aria-hidden="true" class="globalNavArrow hide"></span> <div id="subcategoryLink_2357689_1891719_1943680" class="subcategoryMenu" data-parent="departmentMenu_2357689_1891719" style="top:0"> </div> </li> <li class="categoryMenuListItem"> <a id="categoryLink_2357689_1891719_1943681" onfocus="addBackgroundColourOnFocus(this)" onblur="removeBackgroundColourOnFocus(this)" aria-label="link" href="javascript:;" name="Supermenu:Offers:value packs &amp; bundles:health value packs &amp; bundles" title="health value packs &amp; bundles" class="menuLink categoryLinkItem anchorDataToggle" role="menuitem" data-toggle="subcategoryLink_2357689_1891719_1943681" tabindex="25"> <p class="categoryLinkOutput"><span class="menuItemLabel lowerLevelMenuListItem">health value packs &amp; bundles</span></p> </a> <span data-icon="5" aria-hidden="true" class="globalNavArrow"></span> <div id="subcategoryLink_2357689_1891719_1943681" class="subcategoryMenu" role="menu" data-parent="departmentMenu_2357689_1891719" style="top:0"> <ul id="subcategoryList" class="subcategoryList"> <li class="mobileNavBackButtons" onclick="toggle(document.getElementById(&quot;subcategoryLink_2357689_1891719_1943681&quot;)),setUpMobileBurgerMenu(this,&quot;subcategoryLink_2357689_1891719_1943681&quot;)"> <span data-icon="4" aria-hidden="true" class="mobileBackArrow"></span> <a class="mobileBackLink" tabindex="26"> <span class="menuItemLabel lowerLevelMenuListItem">health value packs &amp; bundles</span> </a> </li> <li> <a id="categoryLink_2357689_1891719_1943681" name="Supermenu:Offers:value packs &amp; bundles:View all health value packs &amp; bundles" onfocus="addBackgroundColourOnFocus(this)" onclick="analyticsJS.headObjectEventGtm(&quot;Offers : value packs &amp; bundles : visit health value packs &amp; bundles&quot;)" onblur="removeBackgroundColourOnFocus(this)" href="https://www.boots.com/value-packs-and-bundles/health-value-packs-and-bundles" tabindex="26" class="viewAllHeader"> <p class="subcategoryLinkOutput"><span class="menuItemLabel lowerLevelMenuListItem">visit&nbsp;health value packs &amp; bundles</span></p> </a> </li> </ul> </div> </li> <li class="categoryMenuListItem"> <a id="categoryLink_2357689_1891719_1943687" onfocus="addBackgroundColourOnFocus(this)" onblur="removeBackgroundColourOnFocus(this)" aria-label="link" href="https://www.boots.com/value-packs-and-bundles/toiletries-value-packs-and-bundles" name="Supermenu:Offers:value packs &amp; bundles:toiletries value packs &amp; bundles" title="toiletries value packs &amp; bundles" class="menuLink categoryLinkItem anchorDataToggle" role="menuitem" data-toggle="subcategoryMenu" onclick="analyticsJS.headObjectEventGtm(&quot;Offers:value packs &amp; bundles:toiletries value packs &amp; bundles&quot;)" tabindex="25"> <p class="categoryLinkOutput"><span class="menuItemLabel lowerLevelMenuListItem">toiletries value packs &amp; bundles</span></p> </a> <span data-icon="5" aria-hidden="true" class="globalNavArrow hide"></span> <div id="subcategoryLink_2357689_1891719_1943687" class="subcategoryMenu" data-parent="departmentMenu_2357689_1891719" style="top:0"> </div> </li> <li class="categoryMenuListItem"> <a id="categoryLink_2357689_1891719_1943682" onfocus="addBackgroundColourOnFocus(this)" onblur="removeBackgroundColourOnFocus(this)" aria-label="link" href="https://www.boots.com/value-packs-and-bundles/baby-value-packs-and-bundles" name="Supermenu:Offers:value packs &amp; bundles:baby value packs &amp; bundles" title="baby value packs &amp; bundles" class="menuLink categoryLinkItem anchorDataToggle" role="menuitem" data-toggle="subcategoryMenu" onclick="analyticsJS.headObjectEventGtm(&quot;Offers:value packs &amp; bundles:baby value packs &amp; bundles&quot;)" tabindex="25"> <p class="categoryLinkOutput"><span class="menuItemLabel lowerLevelMenuListItem">baby value packs &amp; bundles</span></p> </a> <span data-icon="5" aria-hidden="true" class="globalNavArrow hide"></span> <div id="subcategoryLink_2357689_1891719_1943682" class="subcategoryMenu" data-parent="departmentMenu_2357689_1891719" style="top:0"> </div> </li> <li class="categoryMenuListItem"> <a id="categoryLink_2357689_1891719_2434182" onfocus="addBackgroundColourOnFocus(this)" onblur="removeBackgroundColourOnFocus(this)" aria-label="link" href="javascript:;" name="Supermenu:Offers:value packs &amp; bundles:hair value packs and bundles" title="hair value packs and bundles" class="menuLink categoryLinkItem anchorDataToggle" role="menuitem" data-toggle="subcategoryLink_2357689_1891719_2434182" tabindex="25"> <p class="categoryLinkOutput"><span class="menuItemLabel lowerLevelMenuListItem">hair value packs and bundles</span></p> </a> <span data-icon="5" aria-hidden="true" class="globalNavArrow"></span> <div id="subcategoryLink_2357689_1891719_2434182" class="subcategoryMenu" role="menu" data-parent="departmentMenu_2357689_1891719" style="top:0"> <ul id="subcategoryList" class="subcategoryList"> <li class="mobileNavBackButtons" onclick="toggle(document.getElementById(&quot;subcategoryLink_2357689_1891719_2434182&quot;)),setUpMobileBurgerMenu(this,&quot;subcategoryLink_2357689_1891719_2434182&quot;)"> <span data-icon="4" aria-hidden="true" class="mobileBackArrow"></span> <a class="mobileBackLink" tabindex="26"> <span class="menuItemLabel lowerLevelMenuListItem">hair value packs and bundles</span> </a> </li> <li> <a id="categoryLink_2357689_1891719_2434182" name="Supermenu:Offers:value packs &amp; bundles:View all hair value packs and bundles" onfocus="addBackgroundColourOnFocus(this)" onclick="analyticsJS.headObjectEventGtm(&quot;Offers : value packs &amp; bundles : visit hair value packs and bundles&quot;)" onblur="removeBackgroundColourOnFocus(this)" href="https://www.boots.com/value-packs-and-bundles/hair-value-packs-and-bundles" tabindex="26" class="viewAllHeader"> <p class="subcategoryLinkOutput"><span class="menuItemLabel lowerLevelMenuListItem">visit&nbsp;hair value packs and bundles</span></p> </a> </li> </ul> </div> </li> <li class="categoryMenuListItem"> <a id="categoryLink_2357689_1891719_1943683" onfocus="addBackgroundColourOnFocus(this)" onblur="removeBackgroundColourOnFocus(this)" aria-label="link" href="https://www.boots.com/value-packs-and-bundles/beauty-value-packs-and-bundles" name="Supermenu:Offers:value packs &amp; bundles:beauty value packs &amp; bundles" title="beauty value packs &amp; bundles" class="menuLink categoryLinkItem anchorDataToggle" role="menuitem" data-toggle="subcategoryMenu" onclick="analyticsJS.headObjectEventGtm(&quot;Offers:value packs &amp; bundles:beauty value packs &amp; bundles&quot;)" tabindex="25"> <p class="categoryLinkOutput"><span class="menuItemLabel lowerLevelMenuListItem">beauty value packs &amp; bundles</span></p> </a> <span data-icon="5" aria-hidden="true" class="globalNavArrow hide"></span> <div id="subcategoryLink_2357689_1891719_1943683" class="subcategoryMenu" data-parent="departmentMenu_2357689_1891719" style="top:0"> </div> </li> <li class="categoryMenuListItem"> <a id="categoryLink_2357689_1891719_1943684" onfocus="addBackgroundColourOnFocus(this)" onblur="removeBackgroundColourOnFocus(this)" aria-label="link" href="https://www.boots.com/value-packs-and-bundles/luxury-value-packs-and-bundles" name="Supermenu:Offers:value packs &amp; bundles:premium value packs &amp; bundles" title="premium value packs &amp; bundles" class="menuLink categoryLinkItem anchorDataToggle" role="menuitem" data-toggle="subcategoryMenu" onclick="analyticsJS.headObjectEventGtm(&quot;Offers:value packs &amp; bundles:premium value packs &amp; bundles&quot;)" tabindex="25"> <p class="categoryLinkOutput"><span class="menuItemLabel lowerLevelMenuListItem">premium value packs &amp; bundles</span></p> </a> <span data-icon="5" aria-hidden="true" class="globalNavArrow hide"></span> <div id="subcategoryLink_2357689_1891719_1943684" class="subcategoryMenu" data-parent="departmentMenu_2357689_1891719" style="top:0"> </div> </li> <li class="categoryMenuListItem"> <a id="categoryLink_2357689_1891719_2499684" onfocus="addBackgroundColourOnFocus(this)" onblur="removeBackgroundColourOnFocus(this)" aria-label="link" href="https://www.boots.com/value-packs-and-bundles/electrical-value-packs-and-bundles" name="Supermenu:Offers:value packs &amp; bundles:electrical value packs &amp; bundles" title="electrical value packs &amp; bundles" class="menuLink categoryLinkItem anchorDataToggle" role="menuitem" data-toggle="subcategoryMenu" onclick="analyticsJS.headObjectEventGtm(&quot;Offers:value packs &amp; bundles:electrical value packs &amp; bundles&quot;)" tabindex="25"> <p class="categoryLinkOutput"><span class="menuItemLabel lowerLevelMenuListItem">electrical value packs &amp; bundles</span></p> </a> <span data-icon="5" aria-hidden="true" class="globalNavArrow hide"></span> <div id="subcategoryLink_2357689_1891719_2499684" class="subcategoryMenu" data-parent="departmentMenu_2357689_1891719" style="top:0"> </div> </li> <li class="categoryMenuListItem"> <a id="categoryLink_2357689_1891719_1943685" onfocus="addBackgroundColourOnFocus(this)" onblur="removeBackgroundColourOnFocus(this)" aria-label="link" href="https://www.boots.com/value-packs-and-bundles/mens-value-packs-and-bundles" name="Supermenu:Offers:value packs &amp; bundles:men's value packs &amp; bundles" title="men's value packs &amp; bundles" class="menuLink categoryLinkItem anchorDataToggle" role="menuitem" data-toggle="subcategoryMenu" onclick="analyticsJS.headObjectEventGtm('Offers:value packs &amp; bundles:men's value packs &amp; bundles' );" tabindex="25"> <p class="categoryLinkOutput"><span class="menuItemLabel lowerLevelMenuListItem">men's value packs &amp; bundles</span></p> </a> <span data-icon="5" aria-hidden="true" class="globalNavArrow hide"></span> <div id="subcategoryLink_2357689_1891719_1943685" class="subcategoryMenu" data-parent="departmentMenu_2357689_1891719" style="top:0"> </div> </li> <li class="categoryMenuListItem"> <a id="categoryLink_2357689_1891719_1943686" onfocus="addBackgroundColourOnFocus(this)" onblur="removeBackgroundColourOnFocus(this)" aria-label="link" href="https://www.boots.com/value-packs-and-bundles/holiday-value-packs-and-bundles" name="Supermenu:Offers:value packs &amp; bundles:holiday value packs &amp; bundles" title="holiday value packs &amp; bundles" class="menuLink categoryLinkItem anchorDataToggle" role="menuitem" data-toggle="subcategoryMenu" onclick="analyticsJS.headObjectEventGtm(&quot;Offers:value packs &amp; bundles:holiday value packs &amp; bundles&quot;)" tabindex="25"> <p class="categoryLinkOutput"><span class="menuItemLabel lowerLevelMenuListItem">holiday value packs &amp; bundles</span></p> </a> <span data-icon="5" aria-hidden="true" class="globalNavArrow hide"></span> <div id="subcategoryLink_2357689_1891719_1943686" class="subcategoryMenu" data-parent="departmentMenu_2357689_1891719" style="top:0"> </div> </li> <li class="categoryMenuListItem"> <a id="categoryLink_2357689_1891719_2395681" onfocus="addBackgroundColourOnFocus(this)" onblur="removeBackgroundColourOnFocus(this)" aria-label="link" href="https://www.boots.com/value-packs-and-bundles/bigger-packs-and-sizes" name="Supermenu:Offers:value packs &amp; bundles:bigger packs and sizes" title="bigger packs and sizes" class="menuLink categoryLinkItem anchorDataToggle" role="menuitem" data-toggle="subcategoryMenu" onclick="analyticsJS.headObjectEventGtm(&quot;Offers:value packs &amp; bundles:bigger packs and sizes&quot;)" tabindex="25"> <p class="categoryLinkOutput"><span class="menuItemLabel lowerLevelMenuListItem">bigger packs and sizes</span></p> </a> <span data-icon="5" aria-hidden="true" class="globalNavArrow hide"></span> <div id="subcategoryLink_2357689_1891719_2395681" class="subcategoryMenu" data-parent="departmentMenu_2357689_1891719" style="top:0"> </div> </li> </ul> </div> </li> <li class="departmentMenuListItem"> <a id="departmentLink_1595046" onfocus="addBackgroundColourOnFocus(this)" onblur="removeBackgroundColourOnFocus(this)" name="Supermenu:Offers:fragrance offers" title="fragrance offers" href="javascript:;" class="8 link menuLink departmentLinkItem anchorDataToggle" data-toggle="departmentMenu_2357689_1595046" role="menuitem" tabindex="24" aria-label="link, collapsed content"> <p class="departmentLinkOutput"><span class="menuItemLabel lowerLevelMenuListItem">fragrance offers</span></p> </a> <span data-icon="5" aria-hidden="true" class="globalNavArrow" id="departmenrGlobalNavArrow"></span> <div id="departmentMenu_2357689_1595046" class="departmentMenu departmentList" role="menu" data-parent="departmentMenu" data-id="1595046" aria-label="fragrance offers" style="top:65px" data-espot-show="ESpot_fragrance-offers"> <ul id="catergoryList" class="categoryList" data-parent="departmentMenu" data-toggle="departmentMenu_2357689_1595046" style="top:-65px"> <li class="mobileNavBackButtons" onclick="toggle(document.getElementById(&quot;departmentMenu_2357689_1595046&quot;)),setUpMobileBurgerMenu(this,&quot;catergoryList&quot;)"> <span data-icon="4" aria-hidden="true" class="mobileBackArrow"></span> <a class="mobileBackLink" tabindex="25"> <span class="menuItemLabel lowerLevelMenuListItem">fragrance offers</span> </a> </li> <li class="categoryMenuListItem"> <a id="departmentLink_1595046_view_all" onfocus="addBackgroundColourOnFocus(this)" onblur="removeBackgroundColourOnFocus(this)" onclick="analyticsJS.headObjectEventGtm(&quot;Offers : visit fragrance offers&quot;)" name="Supermenu:Offers:View all fragrance offers" href="https://www.boots.com/fragrance-offers" class="viewAllHeader" role="menuitem" tabindex="25" data-toggle="subcategoryMenu"> <p class="categoryLinkOutput"><span class="menuItemLabel lowerLevelMenuListItem">visit&nbsp;fragrance offers</span></p> </a> </li> <li class="categoryMenuListItem"> <a id="categoryLink_2357689_1595046_3099182" onfocus="addBackgroundColourOnFocus(this)" onblur="removeBackgroundColourOnFocus(this)" aria-label="link" href="https://www.boots.com/fragrance-offers/fragrance-offers-save-15-pounds" name="Supermenu:Offers:fragrance offers:save £15" title="save £15" class="menuLink categoryLinkItem anchorDataToggle" role="menuitem" data-toggle="subcategoryMenu" onclick="analyticsJS.headObjectEventGtm(&quot;Offers:fragrance offers:save £15&quot;)" tabindex="25"> <p class="categoryLinkOutput"><span class="menuItemLabel lowerLevelMenuListItem">save £15</span></p> </a> <span data-icon="5" aria-hidden="true" class="globalNavArrow hide"></span> <div id="subcategoryLink_2357689_1595046_3099182" class="subcategoryMenu" data-parent="departmentMenu_2357689_1595046" style="top:0"> </div> </li> <li class="categoryMenuListItem"> <a id="categoryLink_2357689_1595046_1717694" onfocus="addBackgroundColourOnFocus(this)" onblur="removeBackgroundColourOnFocus(this)" aria-label="link" href="https://www.boots.com/fragrance-offers/fragrance-offers-save-up-to-half-price" name="Supermenu:Offers:fragrance offers:save up to half price" title="save up to half price" class="menuLink categoryLinkItem anchorDataToggle" role="menuitem" data-toggle="subcategoryMenu" onclick="analyticsJS.headObjectEventGtm(&quot;Offers:fragrance offers:save up to half price&quot;)" tabindex="25"> <p class="categoryLinkOutput"><span class="menuItemLabel lowerLevelMenuListItem">save up to half price</span></p> </a> <span data-icon="5" aria-hidden="true" class="globalNavArrow hide"></span> <div id="subcategoryLink_2357689_1595046_1717694" class="subcategoryMenu" data-parent="departmentMenu_2357689_1595046" style="top:0"> </div> </li> <li class="categoryMenuListItem"> <a id="categoryLink_2357689_1595046_2031182" onfocus="addBackgroundColourOnFocus(this)" onblur="removeBackgroundColourOnFocus(this)" aria-label="link" href="https://www.boots.com/fragrance-offers/complimentary-free-gifts-and-offers-with-selected-purchases" name="Supermenu:Offers:fragrance offers:free gifts" title="free gifts" class="menuLink categoryLinkItem anchorDataToggle" role="menuitem" data-toggle="subcategoryMenu" onclick="analyticsJS.headObjectEventGtm(&quot;Offers:fragrance offers:free gifts&quot;)" tabindex="25"> <p class="categoryLinkOutput"><span class="menuItemLabel lowerLevelMenuListItem">free gifts</span></p> </a> <span data-icon="5" aria-hidden="true" class="globalNavArrow hide"></span> <div id="subcategoryLink_2357689_1595046_2031182" class="subcategoryMenu" data-parent="departmentMenu_2357689_1595046" style="top:0"> </div> </li> <li class="categoryMenuListItem"> <a id="categoryLink_2357689_1595046_1717691" onfocus="addBackgroundColourOnFocus(this)" onblur="removeBackgroundColourOnFocus(this)" aria-label="link" href="https://www.boots.com/fragrance-offers/fragrance-offers-every-day-low-prices" name="Supermenu:Offers:fragrance offers:everyday low prices" title="everyday low prices" class="menuLink categoryLinkItem anchorDataToggle" role="menuitem" data-toggle="subcategoryMenu" onclick="analyticsJS.headObjectEventGtm(&quot;Offers:fragrance offers:everyday low prices&quot;)" tabindex="25"> <p class="categoryLinkOutput"><span class="menuItemLabel lowerLevelMenuListItem">everyday low prices</span></p> </a> <span data-icon="5" aria-hidden="true" class="globalNavArrow hide"></span> <div id="subcategoryLink_2357689_1595046_1717691" class="subcategoryMenu" data-parent="departmentMenu_2357689_1595046" style="top:0"> </div> </li> <li class="categoryMenuListItem"> <a id="categoryLink_2357689_1595046_1717697" onfocus="addBackgroundColourOnFocus(this)" onblur="removeBackgroundColourOnFocus(this)" aria-label="link" href="https://www.boots.com/fragrance-offers/fragrance-offers-clearance" name="Supermenu:Offers:fragrance offers:clearance" title="clearance" class="menuLink categoryLinkItem anchorDataToggle" role="menuitem" data-toggle="subcategoryMenu" onclick="analyticsJS.headObjectEventGtm(&quot;Offers:fragrance offers:clearance&quot;)" tabindex="25"> <p class="categoryLinkOutput"><span class="menuItemLabel lowerLevelMenuListItem">clearance</span></p> </a> <span data-icon="5" aria-hidden="true" class="globalNavArrow hide"></span> <div id="subcategoryLink_2357689_1595046_1717697" class="subcategoryMenu" data-parent="departmentMenu_2357689_1595046" style="top:0"> </div> </li> </ul> </div> </li> <li class="departmentMenuListItem"> <a id="departmentLink_1595111" onfocus="addBackgroundColourOnFocus(this)" onblur="removeBackgroundColourOnFocus(this)" name="Supermenu:Offers:electrical offers" title="electrical offers" href="https://www.boots.com/electrical-offers" class="9 link menuLink departmentLinkItem anchorDataToggle" data-toggle="departmentList" onclick="analyticsJS.headObjectEventGtm(&quot;Offers:electrical offers&quot;)" role="menuitem" tabindex="24" aria-label="link"> <p class="departmentLinkOutput"><span class="menuItemLabel lowerLevelMenuListItem">electrical offers</span></p> </a> <span data-icon="5" aria-hidden="true" class="globalNavArrow hide" id="departmenrGlobalNavArrow"></span> <div id="departmentMenu_2357689_1595111" class="departmentMenu departmentList" data-parent="departmentMenu" data-id="1595111" aria-label="electrical offers" style="top:65px" data-espot-show="ESpot_electrical-offers"> </div> </li> <li class="departmentMenuListItem"> <a id="departmentLink_1595042" onfocus="addBackgroundColourOnFocus(this)" onblur="removeBackgroundColourOnFocus(this)" name="Supermenu:Offers:skincare offers" title="skincare offers" href="https://www.boots.com/beauty-skincare-offers" class="10 link menuLink departmentLinkItem anchorDataToggle" data-toggle="departmentList" onclick="analyticsJS.headObjectEventGtm(&quot;Offers:skincare offers&quot;)" role="menuitem" tabindex="24" aria-label="link"> <p class="departmentLinkOutput"><span class="menuItemLabel lowerLevelMenuListItem">skincare offers</span></p> </a> <span data-icon="5" aria-hidden="true" class="globalNavArrow hide" id="departmenrGlobalNavArrow"></span> <div id="departmentMenu_2357689_1595042" class="departmentMenu departmentList" data-parent="departmentMenu" data-id="1595042" aria-label="skincare offers" style="top:65px" data-espot-show="ESpot_beauty-skincare-offers"> </div> </li> <li class="departmentMenuListItem"> <a id="departmentLink_2921187" onfocus="addBackgroundColourOnFocus(this)" onblur="removeBackgroundColourOnFocus(this)" name="Supermenu:Offers:makeup offers" title="makeup offers" href="https://www.boots.com/makeup-offers" class="11 link menuLink departmentLinkItem anchorDataToggle" data-toggle="departmentList" onclick="analyticsJS.headObjectEventGtm(&quot;Offers:makeup offers&quot;)" role="menuitem" tabindex="24" aria-label="link"> <p class="departmentLinkOutput"><span class="menuItemLabel lowerLevelMenuListItem">makeup offers</span></p> </a> <span data-icon="5" aria-hidden="true" class="globalNavArrow hide" id="departmenrGlobalNavArrow"></span> <div id="departmentMenu_2357689_2921187" class="departmentMenu departmentList" data-parent="departmentMenu" data-id="2921187" aria-label="makeup offers" style="top:65px" data-espot-show="ESpot_makeup-offers"> </div> </li> <li class="departmentMenuListItem"> <a id="departmentLink_1708685" onfocus="addBackgroundColourOnFocus(this)" onblur="removeBackgroundColourOnFocus(this)" name="Supermenu:Offers:seasonal events" title="seasonal events" href="javascript:;" class="12 link menuLink departmentLinkItem anchorDataToggle" data-toggle="departmentMenu_2357689_1708685" role="menuitem" tabindex="24" aria-label="link, collapsed content"> <p class="departmentLinkOutput"><span class="menuItemLabel lowerLevelMenuListItem">seasonal events</span></p> </a> <span data-icon="5" aria-hidden="true" class="globalNavArrow" id="departmenrGlobalNavArrow"></span> <div id="departmentMenu_2357689_1708685" class="departmentMenu departmentList" role="menu" data-parent="departmentMenu" data-id="1708685" aria-label="seasonal events" style="top:65px" data-espot-show="ESpot_seasonal"> <ul id="catergoryList" class="categoryList" data-parent="departmentMenu" data-toggle="departmentMenu_2357689_1708685" style="top:-65px"> <li class="mobileNavBackButtons" onclick="toggle(document.getElementById(&quot;departmentMenu_2357689_1708685&quot;)),setUpMobileBurgerMenu(this,&quot;catergoryList&quot;)"> <span data-icon="4" aria-hidden="true" class="mobileBackArrow"></span> <a class="mobileBackLink" tabindex="25"> <span class="menuItemLabel lowerLevelMenuListItem">seasonal events</span> </a> </li> <li class="categoryMenuListItem"> <a id="departmentLink_1708685_view_all" onfocus="addBackgroundColourOnFocus(this)" onblur="removeBackgroundColourOnFocus(this)" onclick="analyticsJS.headObjectEventGtm(&quot;Offers : visit seasonal events&quot;)" name="Supermenu:Offers:View all seasonal events" href="https://www.boots.com/seasonal" class="viewAllHeader" role="menuitem" tabindex="25" data-toggle="subcategoryMenu"> <p class="categoryLinkOutput"><span class="menuItemLabel lowerLevelMenuListItem">visit&nbsp;seasonal events</span></p> </a> </li> <li class="categoryMenuListItem"> <a id="categoryLink_2357689_1708685_2019192" onfocus="addBackgroundColourOnFocus(this)" onblur="removeBackgroundColourOnFocus(this)" aria-label="link" href="javascript:;" name="Supermenu:Offers:seasonal events:back to school" title="back to school" class="menuLink categoryLinkItem anchorDataToggle" role="menuitem" data-toggle="subcategoryLink_2357689_1708685_2019192" tabindex="25"> <p class="categoryLinkOutput"><span class="menuItemLabel lowerLevelMenuListItem">back to school</span></p> </a> <span data-icon="5" aria-hidden="true" class="globalNavArrow"></span> <div id="subcategoryLink_2357689_1708685_2019192" class="subcategoryMenu" role="menu" data-parent="departmentMenu_2357689_1708685" style="top:0"> <ul id="subcategoryList" class="subcategoryList"> <li class="mobileNavBackButtons" onclick="toggle(document.getElementById(&quot;subcategoryLink_2357689_1708685_2019192&quot;)),setUpMobileBurgerMenu(this,&quot;subcategoryLink_2357689_1708685_2019192&quot;)"> <span data-icon="4" aria-hidden="true" class="mobileBackArrow"></span> <a class="mobileBackLink" tabindex="26"> <span class="menuItemLabel lowerLevelMenuListItem">back to school</span> </a> </li> <li> <a id="categoryLink_2357689_1708685_2019192" name="Supermenu:Offers:seasonal events:View all back to school" onfocus="addBackgroundColourOnFocus(this)" onclick="analyticsJS.headObjectEventGtm(&quot;Offers : seasonal events : visit back to school&quot;)" onblur="removeBackgroundColourOnFocus(this)" href="https://www.boots.com/seasonal/back-to-school-and-nursery" tabindex="26" class="viewAllHeader"> <p class="subcategoryLinkOutput"><span class="menuItemLabel lowerLevelMenuListItem">visit&nbsp;back to school</span></p> </a> </li> </ul> </div> </li> <li class="categoryMenuListItem"> <a id="categoryLink_2357689_1708685_1631740" onfocus="addBackgroundColourOnFocus(this)" onblur="removeBackgroundColourOnFocus(this)" aria-label="link" href="javascript:;" name="Supermenu:Offers:seasonal events:christmas" title="christmas" class="menuLink categoryLinkItem anchorDataToggle" role="menuitem" data-toggle="subcategoryLink_2357689_1708685_1631740" tabindex="25"> <p class="categoryLinkOutput"><span class="menuItemLabel lowerLevelMenuListItem">christmas</span></p> </a> <span data-icon="5" aria-hidden="true" class="globalNavArrow"></span> <div id="subcategoryLink_2357689_1708685_1631740" class="subcategoryMenu" role="menu" data-parent="departmentMenu_2357689_1708685" style="top:0"> <ul id="subcategoryList" class="subcategoryList"> <li class="mobileNavBackButtons" onclick="toggle(document.getElementById(&quot;subcategoryLink_2357689_1708685_1631740&quot;)),setUpMobileBurgerMenu(this,&quot;subcategoryLink_2357689_1708685_1631740&quot;)"> <span data-icon="4" aria-hidden="true" class="mobileBackArrow"></span> <a class="mobileBackLink" tabindex="26"> <span class="menuItemLabel lowerLevelMenuListItem">christmas</span> </a> </li> <li> <a id="categoryLink_2357689_1708685_1631740" name="Supermenu:Offers:seasonal events:View all christmas" onfocus="addBackgroundColourOnFocus(this)" onclick="analyticsJS.headObjectEventGtm(&quot;Offers : seasonal events : visit christmas&quot;)" onblur="removeBackgroundColourOnFocus(this)" href="https://www.boots.com/seasonal/christmas" tabindex="26" class="viewAllHeader"> <p class="subcategoryLinkOutput"><span class="menuItemLabel lowerLevelMenuListItem">visit&nbsp;christmas</span></p> </a> </li> </ul> </div> </li> <li class="categoryMenuListItem"> <a id="categoryLink_2357689_1708685_1606090" onfocus="addBackgroundColourOnFocus(this)" onblur="removeBackgroundColourOnFocus(this)" aria-label="link" href="javascript:;" name="Supermenu:Offers:seasonal events:black friday" title="black friday" class="menuLink categoryLinkItem anchorDataToggle" role="menuitem" data-toggle="subcategoryLink_2357689_1708685_1606090" tabindex="25"> <p class="categoryLinkOutput"><span class="menuItemLabel lowerLevelMenuListItem">black friday</span></p> </a> <span data-icon="5" aria-hidden="true" class="globalNavArrow"></span> <div id="subcategoryLink_2357689_1708685_1606090" class="subcategoryMenu" role="menu" data-parent="departmentMenu_2357689_1708685" style="top:0"> <ul id="subcategoryList" class="subcategoryList"> <li class="mobileNavBackButtons" onclick="toggle(document.getElementById(&quot;subcategoryLink_2357689_1708685_1606090&quot;)),setUpMobileBurgerMenu(this,&quot;subcategoryLink_2357689_1708685_1606090&quot;)"> <span data-icon="4" aria-hidden="true" class="mobileBackArrow"></span> <a class="mobileBackLink" tabindex="26"> <span class="menuItemLabel lowerLevelMenuListItem">black friday</span> </a> </li> <li> <a id="categoryLink_2357689_1708685_1606090" name="Supermenu:Offers:seasonal events:View all black friday" onfocus="addBackgroundColourOnFocus(this)" onclick="analyticsJS.headObjectEventGtm(&quot;Offers : seasonal events : visit black friday&quot;)" onblur="removeBackgroundColourOnFocus(this)" href="https://www.boots.com/seasonal/black-friday" tabindex="26" class="viewAllHeader"> <p class="subcategoryLinkOutput"><span class="menuItemLabel lowerLevelMenuListItem">visit&nbsp;black friday</span></p> </a> </li> </ul> </div> </li> <li class="categoryMenuListItem"> <a id="categoryLink_2357689_1708685_1595176" onfocus="addBackgroundColourOnFocus(this)" onblur="removeBackgroundColourOnFocus(this)" aria-label="link" href="javascript:;" name="Supermenu:Offers:seasonal events:mother's day" title="mother's day" class="menuLink categoryLinkItem anchorDataToggle" role="menuitem" data-toggle="subcategoryLink_2357689_1708685_1595176" tabindex="25"> <p class="categoryLinkOutput"><span class="menuItemLabel lowerLevelMenuListItem">mother's day</span></p> </a> <span data-icon="5" aria-hidden="true" class="globalNavArrow"></span> <div id="subcategoryLink_2357689_1708685_1595176" class="subcategoryMenu" role="menu" data-parent="departmentMenu_2357689_1708685" style="top:0"> <ul id="subcategoryList" class="subcategoryList"> <li class="mobileNavBackButtons" onclick="toggle(document.getElementById(&quot;subcategoryLink_2357689_1708685_1595176&quot;)),setUpMobileBurgerMenu(this,&quot;subcategoryLink_2357689_1708685_1595176&quot;)"> <span data-icon="4" aria-hidden="true" class="mobileBackArrow"></span> <a class="mobileBackLink" tabindex="26"> <span class="menuItemLabel lowerLevelMenuListItem">mother's day</span> </a> </li> <li> <a id="categoryLink_2357689_1708685_1595176" name="Supermenu:Offers:seasonal events:View all mother's day" onfocus="addBackgroundColourOnFocus(this)" onclick="analyticsJS.headObjectEventGtm('Offers : seasonal events : visit mother's day' );" onblur="removeBackgroundColourOnFocus(this)" href="https://www.boots.com/seasonal/mothers-day" tabindex="26" class="viewAllHeader"> <p class="subcategoryLinkOutput"><span class="menuItemLabel lowerLevelMenuListItem">visit&nbsp;mother's day</span></p> </a> </li> </ul> </div> </li> <li class="categoryMenuListItem"> <a id="categoryLink_2357689_1708685_1595175" onfocus="addBackgroundColourOnFocus(this)" onblur="removeBackgroundColourOnFocus(this)" aria-label="link" href="javascript:;" name="Supermenu:Offers:seasonal events:father's day" title="father's day" class="menuLink categoryLinkItem anchorDataToggle" role="menuitem" data-toggle="subcategoryLink_2357689_1708685_1595175" tabindex="25"> <p class="categoryLinkOutput"><span class="menuItemLabel lowerLevelMenuListItem">father's day</span></p> </a> <span data-icon="5" aria-hidden="true" class="globalNavArrow"></span> <div id="subcategoryLink_2357689_1708685_1595175" class="subcategoryMenu" role="menu" data-parent="departmentMenu_2357689_1708685" style="top:0"> <ul id="subcategoryList" class="subcategoryList"> <li class="mobileNavBackButtons" onclick="toggle(document.getElementById(&quot;subcategoryLink_2357689_1708685_1595175&quot;)),setUpMobileBurgerMenu(this,&quot;subcategoryLink_2357689_1708685_1595175&quot;)"> <span data-icon="4" aria-hidden="true" class="mobileBackArrow"></span> <a class="mobileBackLink" tabindex="26"> <span class="menuItemLabel lowerLevelMenuListItem">father's day</span> </a> </li> <li> <a id="categoryLink_2357689_1708685_1595175" name="Supermenu:Offers:seasonal events:View all father's day" onfocus="addBackgroundColourOnFocus(this)" onclick="analyticsJS.headObjectEventGtm('Offers : seasonal events : visit father's day' );" onblur="removeBackgroundColourOnFocus(this)" href="https://www.boots.com/seasonal/fathers-day" tabindex="26" class="viewAllHeader"> <p class="subcategoryLinkOutput"><span class="menuItemLabel lowerLevelMenuListItem">visit&nbsp;father's day</span></p> </a> </li> </ul> </div> </li> <li class="categoryMenuListItem"> <a id="categoryLink_2357689_1708685_1595179" onfocus="addBackgroundColourOnFocus(this)" onblur="removeBackgroundColourOnFocus(this)" aria-label="link" href="javascript:;" name="Supermenu:Offers:seasonal events:valentine's day" title="valentine's day" class="menuLink categoryLinkItem anchorDataToggle" role="menuitem" data-toggle="subcategoryLink_2357689_1708685_1595179" tabindex="25"> <p class="categoryLinkOutput"><span class="menuItemLabel lowerLevelMenuListItem">valentine's day</span></p> </a> <span data-icon="5" aria-hidden="true" class="globalNavArrow"></span> <div id="subcategoryLink_2357689_1708685_1595179" class="subcategoryMenu" role="menu" data-parent="departmentMenu_2357689_1708685" style="top:0"> <ul id="subcategoryList" class="subcategoryList"> <li class="mobileNavBackButtons" onclick="toggle(document.getElementById(&quot;subcategoryLink_2357689_1708685_1595179&quot;)),setUpMobileBurgerMenu(this,&quot;subcategoryLink_2357689_1708685_1595179&quot;)"> <span data-icon="4" aria-hidden="true" class="mobileBackArrow"></span> <a class="mobileBackLink" tabindex="26"> <span class="menuItemLabel lowerLevelMenuListItem">valentine's day</span> </a> </li> <li> <a id="categoryLink_2357689_1708685_1595179" name="Supermenu:Offers:seasonal events:View all valentine's day" onfocus="addBackgroundColourOnFocus(this)" onclick="analyticsJS.headObjectEventGtm('Offers : seasonal events : visit valentine's day' );" onblur="removeBackgroundColourOnFocus(this)" href="https://www.boots.com/seasonal/valentines" tabindex="26" class="viewAllHeader"> <p class="subcategoryLinkOutput"><span class="menuItemLabel lowerLevelMenuListItem">visit&nbsp;valentine's day</span></p> </a> </li> </ul> </div> </li> <li class="categoryMenuListItem"> <a id="categoryLink_2357689_1708685_1719190" onfocus="addBackgroundColourOnFocus(this)" onblur="removeBackgroundColourOnFocus(this)" aria-label="link" href="javascript:;" name="Supermenu:Offers:seasonal events:halloween" title="halloween" class="menuLink categoryLinkItem anchorDataToggle" role="menuitem" data-toggle="subcategoryLink_2357689_1708685_1719190" tabindex="25"> <p class="categoryLinkOutput"><span class="menuItemLabel lowerLevelMenuListItem">halloween</span></p> </a> <span data-icon="5" aria-hidden="true" class="globalNavArrow"></span> <div id="subcategoryLink_2357689_1708685_1719190" class="subcategoryMenu" role="menu" data-parent="departmentMenu_2357689_1708685" style="top:0"> <ul id="subcategoryList" class="subcategoryList"> <li class="mobileNavBackButtons" onclick="toggle(document.getElementById(&quot;subcategoryLink_2357689_1708685_1719190&quot;)),setUpMobileBurgerMenu(this,&quot;subcategoryLink_2357689_1708685_1719190&quot;)"> <span data-icon="4" aria-hidden="true" class="mobileBackArrow"></span> <a class="mobileBackLink" tabindex="26"> <span class="menuItemLabel lowerLevelMenuListItem">halloween</span> </a> </li> <li> <a id="categoryLink_2357689_1708685_1719190" name="Supermenu:Offers:seasonal events:View all halloween" onfocus="addBackgroundColourOnFocus(this)" onclick="analyticsJS.headObjectEventGtm(&quot;Offers : seasonal events : visit halloween&quot;)" onblur="removeBackgroundColourOnFocus(this)" href="https://www.boots.com/seasonal/halloween" tabindex="26" class="viewAllHeader"> <p class="subcategoryLinkOutput"><span class="menuItemLabel lowerLevelMenuListItem">visit&nbsp;halloween</span></p> </a> </li> </ul> </div> </li> <li class="categoryMenuListItem"> <a id="categoryLink_2357689_1708685_1618608" onfocus="addBackgroundColourOnFocus(this)" onblur="removeBackgroundColourOnFocus(this)" aria-label="link" href="https://www.boots.com/seasonal/children-in-need" name="Supermenu:Offers:seasonal events:Children in Need" title="Children in Need" class="menuLink categoryLinkItem anchorDataToggle" role="menuitem" data-toggle="subcategoryMenu" onclick="analyticsJS.headObjectEventGtm(&quot;Offers:seasonal events:Children in Need&quot;)" tabindex="25"> <p class="categoryLinkOutput"><span class="menuItemLabel lowerLevelMenuListItem">Children in Need</span></p> </a> <span data-icon="5" aria-hidden="true" class="globalNavArrow hide"></span> <div id="subcategoryLink_2357689_1708685_1618608" class="subcategoryMenu" data-parent="departmentMenu_2357689_1708685" style="top:0"> </div> </li> <li class="categoryMenuListItem"> <a id="categoryLink_2357689_1708685_2597222" onfocus="addBackgroundColourOnFocus(this)" onblur="removeBackgroundColourOnFocus(this)" aria-label="link" href="https://www.boots.com/seasonal/eid-gifting" name="Supermenu:Offers:seasonal events:eid gifts" title="eid gifts" class="menuLink categoryLinkItem anchorDataToggle" role="menuitem" data-toggle="subcategoryMenu" onclick="analyticsJS.headObjectEventGtm(&quot;Offers:seasonal events:eid gifts&quot;)" tabindex="25"> <p class="categoryLinkOutput"><span class="menuItemLabel lowerLevelMenuListItem">eid gifts</span></p> </a> <span data-icon="5" aria-hidden="true" class="globalNavArrow hide"></span> <div id="subcategoryLink_2357689_1708685_2597222" class="subcategoryMenu" data-parent="departmentMenu_2357689_1708685" style="top:0"> </div> </li> <li class="categoryMenuListItem"> <a id="categoryLink_2357689_1708685_2624680" onfocus="addBackgroundColourOnFocus(this)" onblur="removeBackgroundColourOnFocus(this)" aria-label="link" href="javascript:;" name="Supermenu:Offers:seasonal events:love island" title="love island" class="menuLink categoryLinkItem anchorDataToggle" role="menuitem" data-toggle="subcategoryLink_2357689_1708685_2624680" tabindex="25"> <p class="categoryLinkOutput"><span class="menuItemLabel lowerLevelMenuListItem">love island</span></p> </a> <span data-icon="5" aria-hidden="true" class="globalNavArrow"></span> <div id="subcategoryLink_2357689_1708685_2624680" class="subcategoryMenu" role="menu" data-parent="departmentMenu_2357689_1708685" style="top:0"> <ul id="subcategoryList" class="subcategoryList"> <li class="mobileNavBackButtons" onclick="toggle(document.getElementById(&quot;subcategoryLink_2357689_1708685_2624680&quot;)),setUpMobileBurgerMenu(this,&quot;subcategoryLink_2357689_1708685_2624680&quot;)"> <span data-icon="4" aria-hidden="true" class="mobileBackArrow"></span> <a class="mobileBackLink" tabindex="26"> <span class="menuItemLabel lowerLevelMenuListItem">love island</span> </a> </li> <li> <a id="categoryLink_2357689_1708685_2624680" name="Supermenu:Offers:seasonal events:View all love island" onfocus="addBackgroundColourOnFocus(this)" onclick="analyticsJS.headObjectEventGtm(&quot;Offers : seasonal events : visit love island&quot;)" onblur="removeBackgroundColourOnFocus(this)" href="https://www.boots.com/seasonal/love-island" tabindex="26" class="viewAllHeader"> <p class="subcategoryLinkOutput"><span class="menuItemLabel lowerLevelMenuListItem">visit&nbsp;love island</span></p> </a> </li> </ul> </div> </li> </ul> </div> </li> <li class="departmentMenuListItem"> <a id="departmentLink_1595033" onfocus="addBackgroundColourOnFocus(this)" onblur="removeBackgroundColourOnFocus(this)" name="Supermenu:Offers:health offers" title="health offers" href="https://www.boots.com/health-offers" class="13 link menuLink departmentLinkItem anchorDataToggle" data-toggle="departmentList" onclick="analyticsJS.headObjectEventGtm(&quot;Offers:health offers&quot;)" role="menuitem" tabindex="24" aria-label="link"> <p class="departmentLinkOutput"><span class="menuItemLabel lowerLevelMenuListItem">health offers</span></p> </a> <span data-icon="5" aria-hidden="true" class="globalNavArrow hide" id="departmenrGlobalNavArrow"></span> <div id="departmentMenu_2357689_1595033" class="departmentMenu departmentList" data-parent="departmentMenu" data-id="1595033" aria-label="health offers" style="top:65px" data-espot-show="ESpot_health-offers"> </div> </li> <li class="departmentMenuListItem"> <a id="departmentLink_1595110" onfocus="addBackgroundColourOnFocus(this)" onblur="removeBackgroundColourOnFocus(this)" name="Supermenu:Offers:baby &amp; child offers" title="baby &amp; child offers" href="https://www.boots.com/baby-child-offers" class="14 link menuLink departmentLinkItem anchorDataToggle" data-toggle="departmentList" onclick="analyticsJS.headObjectEventGtm(&quot;Offers:baby &amp; child offers&quot;)" role="menuitem" tabindex="24" aria-label="link"> <p class="departmentLinkOutput"><span class="menuItemLabel lowerLevelMenuListItem">baby &amp; child offers</span></p> </a> <span data-icon="5" aria-hidden="true" class="globalNavArrow hide" id="departmenrGlobalNavArrow"></span> <div id="departmentMenu_2357689_1595110" class="departmentMenu departmentList" data-parent="departmentMenu" data-id="1595110" aria-label="baby &amp; child offers" style="top:65px" data-espot-show="ESpot_baby-child-offers"> </div> </li> <li class="departmentMenuListItem"> <a id="departmentLink_1595059" onfocus="addBackgroundColourOnFocus(this)" onblur="removeBackgroundColourOnFocus(this)" name="Supermenu:Offers:toiletries offers" title="toiletries offers" href="https://www.boots.com/toiletries-offers" class="15 link menuLink departmentLinkItem anchorDataToggle" data-toggle="departmentList" onclick="analyticsJS.headObjectEventGtm(&quot;Offers:toiletries offers&quot;)" role="menuitem" tabindex="24" aria-label="link"> <p class="departmentLinkOutput"><span class="menuItemLabel lowerLevelMenuListItem">toiletries offers</span></p> </a> <span data-icon="5" aria-hidden="true" class="globalNavArrow hide" id="departmenrGlobalNavArrow"></span> <div id="departmentMenu_2357689_1595059" class="departmentMenu departmentList" data-parent="departmentMenu" data-id="1595059" aria-label="toiletries offers" style="top:65px" data-espot-show="ESpot_toiletries-offers"> </div> </li> <li class="departmentMenuListItem"> <a id="departmentLink_1595074" onfocus="addBackgroundColourOnFocus(this)" onblur="removeBackgroundColourOnFocus(this)" name="Supermenu:Offers:photo offers" title="photo offers" href="https://www.boots.com/photo-offers" class="16 link menuLink departmentLinkItem anchorDataToggle" data-toggle="departmentList" onclick="analyticsJS.headObjectEventGtm(&quot;Offers:photo offers&quot;)" role="menuitem" tabindex="24" aria-label="link"> <p class="departmentLinkOutput"><span class="menuItemLabel lowerLevelMenuListItem">photo offers</span></p> </a> <span data-icon="5" aria-hidden="true" class="globalNavArrow hide" id="departmenrGlobalNavArrow"></span> <div id="departmentMenu_2357689_1595074" class="departmentMenu departmentList" data-parent="departmentMenu" data-id="1595074" aria-label="photo offers" style="top:65px" data-espot-show="ESpot_photo-offers"> </div> </li> <li class="departmentMenuListItem"> <a id="departmentLink_1595072" onfocus="addBackgroundColourOnFocus(this)" onblur="removeBackgroundColourOnFocus(this)" name="Supermenu:Offers:opticians offers" title="opticians offers" href="javascript:;" class="17 link menuLink departmentLinkItem anchorDataToggle" data-toggle="departmentMenu_2357689_1595072" role="menuitem" tabindex="24" aria-label="link, collapsed content"> <p class="departmentLinkOutput"><span class="menuItemLabel lowerLevelMenuListItem">opticians offers</span></p> </a> <span data-icon="5" aria-hidden="true" class="globalNavArrow" id="departmenrGlobalNavArrow"></span> <div id="departmentMenu_2357689_1595072" class="departmentMenu departmentList" role="menu" data-parent="departmentMenu" data-id="1595072" aria-label="opticians offers" style="top:65px" data-espot-show="ESpot_opticians-offers"> <ul id="catergoryList" class="categoryList" data-parent="departmentMenu" data-toggle="departmentMenu_2357689_1595072" style="top:-65px"> <li class="mobileNavBackButtons" onclick="toggle(document.getElementById(&quot;departmentMenu_2357689_1595072&quot;)),setUpMobileBurgerMenu(this,&quot;catergoryList&quot;)"> <span data-icon="4" aria-hidden="true" class="mobileBackArrow"></span> <a class="mobileBackLink" tabindex="25"> <span class="menuItemLabel lowerLevelMenuListItem">opticians offers</span> </a> </li> <li class="categoryMenuListItem"> <a id="departmentLink_1595072_view_all" onfocus="addBackgroundColourOnFocus(this)" onblur="removeBackgroundColourOnFocus(this)" onclick="analyticsJS.headObjectEventGtm(&quot;Offers : visit opticians offers&quot;)" name="Supermenu:Offers:View all opticians offers" href="https://www.boots.com/opticians-offers" class="viewAllHeader" role="menuitem" tabindex="25" data-toggle="subcategoryMenu"> <p class="categoryLinkOutput"><span class="menuItemLabel lowerLevelMenuListItem">visit&nbsp;opticians offers</span></p> </a> </li> <li class="categoryMenuListItem"> <a id="categoryLink_2357689_1595072_2521181" onfocus="addBackgroundColourOnFocus(this)" onblur="removeBackgroundColourOnFocus(this)" aria-label="link" href="https://www.boots.com/opticians-offers/pay-with-klarna" name="Supermenu:Offers:opticians offers:Klarna pay in 3" title="Klarna pay in 3" class="menuLink categoryLinkItem anchorDataToggle" role="menuitem" data-toggle="subcategoryMenu" onclick="analyticsJS.headObjectEventGtm(&quot;Offers:opticians offers:Klarna pay in 3&quot;)" tabindex="25"> <p class="categoryLinkOutput"><span class="menuItemLabel lowerLevelMenuListItem">Klarna pay in 3</span></p> </a> <span data-icon="5" aria-hidden="true" class="globalNavArrow hide"></span> <div id="subcategoryLink_2357689_1595072_2521181" class="subcategoryMenu" data-parent="departmentMenu_2357689_1595072" style="top:0"> </div> </li> <li class="categoryMenuListItem"> <a id="categoryLink_2357689_1595072_1598791" onfocus="addBackgroundColourOnFocus(this)" onblur="removeBackgroundColourOnFocus(this)" aria-label="link" href="https://www.boots.com/opticians-offers/free-contact-lens-assessment-trial-service" name="Supermenu:Offers:opticians offers:free contact lens trial" title="free contact lens trial" class="menuLink categoryLinkItem anchorDataToggle" role="menuitem" data-toggle="subcategoryMenu" onclick="analyticsJS.headObjectEventGtm(&quot;Offers:opticians offers:free contact lens trial&quot;)" tabindex="25"> <p class="categoryLinkOutput"><span class="menuItemLabel lowerLevelMenuListItem">free contact lens trial</span></p> </a> <span data-icon="5" aria-hidden="true" class="globalNavArrow hide"></span> <div id="subcategoryLink_2357689_1595072_1598791" class="subcategoryMenu" data-parent="departmentMenu_2357689_1595072" style="top:0"> </div> </li> <li class="categoryMenuListItem"> <a id="categoryLink_2357689_1595072_1595357" onfocus="addBackgroundColourOnFocus(this)" onblur="removeBackgroundColourOnFocus(this)" aria-label="link" href="https://www.boots.com/opticians-offers/great-value-glasses-" name="Supermenu:Offers:opticians offers:great value glasses" title="great value glasses" class="menuLink categoryLinkItem anchorDataToggle" role="menuitem" data-toggle="subcategoryMenu" onclick="analyticsJS.headObjectEventGtm(&quot;Offers:opticians offers:great value glasses&quot;)" tabindex="25"> <p class="categoryLinkOutput"><span class="menuItemLabel lowerLevelMenuListItem">great value glasses</span></p> </a> <span data-icon="5" aria-hidden="true" class="globalNavArrow hide"></span> <div id="subcategoryLink_2357689_1595072_1595357" class="subcategoryMenu" data-parent="departmentMenu_2357689_1595072" style="top:0"> </div> </li> <li class="categoryMenuListItem"> <a id="categoryLink_2357689_1595072_1595353" onfocus="addBackgroundColourOnFocus(this)" onblur="removeBackgroundColourOnFocus(this)" aria-label="link" href="https://www.boots.com/opticians-offers/free-nhs-eye-test-vouchers" name="Supermenu:Offers:opticians offers:NHS eye care" title="NHS eye care" class="menuLink categoryLinkItem anchorDataToggle" role="menuitem" data-toggle="subcategoryMenu" onclick="analyticsJS.headObjectEventGtm(&quot;Offers:opticians offers:NHS eye care&quot;)" tabindex="25"> <p class="categoryLinkOutput"><span class="menuItemLabel lowerLevelMenuListItem">NHS eye care</span></p> </a> <span data-icon="5" aria-hidden="true" class="globalNavArrow hide"></span> <div id="subcategoryLink_2357689_1595072_1595353" class="subcategoryMenu" data-parent="departmentMenu_2357689_1595072" style="top:0"> </div> </li> <li class="categoryMenuListItem"> <a id="categoryLink_2357689_1595072_1595365" onfocus="addBackgroundColourOnFocus(this)" onblur="removeBackgroundColourOnFocus(this)" aria-label="link" href="https://www.boots.com/opticians-offers/opticians-offers-students" name="Supermenu:Offers:opticians offers:offers for students" title="offers for students" class="menuLink categoryLinkItem anchorDataToggle" role="menuitem" data-toggle="subcategoryMenu" onclick="analyticsJS.headObjectEventGtm(&quot;Offers:opticians offers:offers for students&quot;)" tabindex="25"> <p class="categoryLinkOutput"><span class="menuItemLabel lowerLevelMenuListItem">offers for students</span></p> </a> <span data-icon="5" aria-hidden="true" class="globalNavArrow hide"></span> <div id="subcategoryLink_2357689_1595072_1595365" class="subcategoryMenu" data-parent="departmentMenu_2357689_1595072" style="top:0"> </div> </li> <li class="categoryMenuListItem"> <a id="categoryLink_2357689_1595072_1595364" onfocus="addBackgroundColourOnFocus(this)" onblur="removeBackgroundColourOnFocus(this)" aria-label="link" href="https://www.boots.com/opticians-offers/opticians-offers-over-60s" name="Supermenu:Offers:opticians offers:offers for over 60s" title="offers for over 60s" class="menuLink categoryLinkItem anchorDataToggle" role="menuitem" data-toggle="subcategoryMenu" onclick="analyticsJS.headObjectEventGtm(&quot;Offers:opticians offers:offers for over 60s&quot;)" tabindex="25"> <p class="categoryLinkOutput"><span class="menuItemLabel lowerLevelMenuListItem">offers for over 60s</span></p> </a> <span data-icon="5" aria-hidden="true" class="globalNavArrow hide"></span> <div id="subcategoryLink_2357689_1595072_1595364" class="subcategoryMenu" data-parent="departmentMenu_2357689_1595072" style="top:0"> </div> </li> </ul> </div> </li> </ul> </div> </li>  <li class="topLevelMenuListItem"> <a id="topLevelLink_2480179" name="Supermenu:No7" title="No7" aria-label="No7 link, collapsed content" href="#" class="5 departmentButton anchorDataToggle" role="menuitem" aria-haspopup="true" data-toggle="topLevelMenu_2480179" tabindex="27"> <span class="menuItemLabel">No7 </span> </a> <span data-icon="5" aria-hidden="true" class="globalNavArrow topLevelMenuMobileArrow"></span> <div id="topLevelMenu_2480179" class="departmentMenu topLevelMenu"> <ul id="departmentMenu" role="menu" data-parent="topLevelMenu"> <li class="mobileNavBackButtons" onclick="toggle(document.getElementById(&quot;departmentMenu&quot;)),setUpMobileBurgerMenu(this,&quot;departmentMenu&quot;),deactivate(document.getElementById(&quot;topLevelMenu_2480179&quot;))"> <span data-icon="4" aria-hidden="true" class="mobileBackArrow"></span> <a id="departmentLink_backButtons" class="mobileBackLink" tabindex="28"> <span class="menuItemLabel lowerLevelMenuListItem">No7</span> </a> </li> <li class="departmentMenuListItem"> <a id="departmentLink_1611239" onfocus="addBackgroundColourOnFocus(this)" onblur="removeBackgroundColourOnFocus(this)" name="Supermenu:No7:No7" title="No7" href="javascript:;" class="0 link menuLink departmentLinkItem anchorDataToggle" data-toggle="departmentMenu_2480179_1611239" role="menuitem" tabindex="28" aria-label="link, collapsed content"> <p class="departmentLinkOutput"><span class="menuItemLabel lowerLevelMenuListItem">No7</span></p> </a> <span data-icon="5" aria-hidden="true" class="globalNavArrow" id="departmenrGlobalNavArrow"></span> <div id="departmentMenu_2480179_1611239" class="departmentMenu departmentList" role="menu" data-parent="departmentMenu" data-id="1611239" aria-label="No7" style="top:65px" data-espot-show="ESpot_no7"> <ul id="catergoryList" class="categoryList" data-parent="departmentMenu" data-toggle="departmentMenu_2480179_1611239" style="top:-65px"> <li class="mobileNavBackButtons" onclick="toggle(document.getElementById(&quot;departmentMenu_2480179_1611239&quot;)),setUpMobileBurgerMenu(this,&quot;catergoryList&quot;)"> <span data-icon="4" aria-hidden="true" class="mobileBackArrow"></span> <a class="mobileBackLink" tabindex="29"> <span class="menuItemLabel lowerLevelMenuListItem">No7</span> </a> </li> <li class="categoryMenuListItem"> <a id="departmentLink_1611239_view_all" onfocus="addBackgroundColourOnFocus(this)" onblur="removeBackgroundColourOnFocus(this)" onclick="analyticsJS.headObjectEventGtm(&quot;No7 : visit No7&quot;)" name="Supermenu:No7:View all No7" href="https://www.boots.com/no7" class="viewAllHeader" role="menuitem" tabindex="29" data-toggle="subcategoryMenu"> <p class="categoryLinkOutput"><span class="menuItemLabel lowerLevelMenuListItem">visit&nbsp;no7</span></p> </a> </li> <li class="categoryMenuListItem"> <a id="categoryLink_2480179_1611239_3017182" onfocus="addBackgroundColourOnFocus(this)" onblur="removeBackgroundColourOnFocus(this)" aria-label="link" href="javascript:;" name="Supermenu:No7:No7:No7 future renew" title="No7 future renew" class="menuLink categoryLinkItem anchorDataToggle" role="menuitem" data-toggle="subcategoryLink_2480179_1611239_3017182" tabindex="29"> <p class="categoryLinkOutput"><span class="menuItemLabel lowerLevelMenuListItem">No7 future renew</span></p> </a> <span data-icon="5" aria-hidden="true" class="globalNavArrow"></span> <div id="subcategoryLink_2480179_1611239_3017182" class="subcategoryMenu" role="menu" data-parent="departmentMenu_2480179_1611239" style="top:0"> <ul id="subcategoryList" class="subcategoryList"> <li class="mobileNavBackButtons" onclick="toggle(document.getElementById(&quot;subcategoryLink_2480179_1611239_3017182&quot;)),setUpMobileBurgerMenu(this,&quot;subcategoryLink_2480179_1611239_3017182&quot;)"> <span data-icon="4" aria-hidden="true" class="mobileBackArrow"></span> <a class="mobileBackLink" tabindex="30"> <span class="menuItemLabel lowerLevelMenuListItem">No7 future renew</span> </a> </li> <li> <a id="categoryLink_2480179_1611239_3017182" name="Supermenu:No7:No7:View all No7 future renew" onfocus="addBackgroundColourOnFocus(this)" onclick="analyticsJS.headObjectEventGtm(&quot;No7 : No7 : visit No7 future renew&quot;)" onblur="removeBackgroundColourOnFocus(this)" href="https://www.boots.com/no7/future-renew" tabindex="30" class="viewAllHeader"> <p class="subcategoryLinkOutput"><span class="menuItemLabel lowerLevelMenuListItem">visit&nbsp;no7 future renew</span></p> </a> </li> </ul> </div> </li> <li class="categoryMenuListItem"> <a id="categoryLink_2480179_1611239_1817680" onfocus="addBackgroundColourOnFocus(this)" onblur="removeBackgroundColourOnFocus(this)" aria-label="link" href="https://www.boots.com/no7/no7-shop-all" name="Supermenu:No7:No7:No7 shop all" title="No7 shop all" class="menuLink categoryLinkItem anchorDataToggle" role="menuitem" data-toggle="subcategoryMenu" onclick="analyticsJS.headObjectEventGtm(&quot;No7:No7:No7 shop all&quot;)" tabindex="29"> <p class="categoryLinkOutput"><span class="menuItemLabel lowerLevelMenuListItem">No7 shop all</span></p> </a> <span data-icon="5" aria-hidden="true" class="globalNavArrow hide"></span> <div id="subcategoryLink_2480179_1611239_1817680" class="subcategoryMenu" data-parent="departmentMenu_2480179_1611239" style="top:0"> </div> </li> <li class="categoryMenuListItem"> <a id="categoryLink_2480179_1611239_2968198" onfocus="addBackgroundColourOnFocus(this)" onblur="removeBackgroundColourOnFocus(this)" aria-label="link" href="https://www.boots.com/no7/no7-agedefying-day-cream" name="Supermenu:No7:No7:age-defying day cream" title="age-defying day cream" class="menuLink categoryLinkItem anchorDataToggle" role="menuitem" data-toggle="subcategoryMenu" onclick="analyticsJS.headObjectEventGtm(&quot;No7:No7:age-defying day cream&quot;)" tabindex="29"> <p class="categoryLinkOutput"><span class="menuItemLabel lowerLevelMenuListItem">age-defying day cream</span></p> </a> <span data-icon="5" aria-hidden="true" class="globalNavArrow hide"></span> <div id="subcategoryLink_2480179_1611239_2968198" class="subcategoryMenu" data-parent="departmentMenu_2480179_1611239" style="top:0"> </div> </li> <li class="categoryMenuListItem"> <a id="categoryLink_2480179_1611239_2968199" onfocus="addBackgroundColourOnFocus(this)" onblur="removeBackgroundColourOnFocus(this)" aria-label="link" href="https://www.boots.com/no7/no7-age-defying-serums" name="Supermenu:No7:No7:age defying serums" title="age defying serums" class="menuLink categoryLinkItem anchorDataToggle" role="menuitem" data-toggle="subcategoryMenu" onclick="analyticsJS.headObjectEventGtm(&quot;No7:No7:age defying serums&quot;)" tabindex="29"> <p class="categoryLinkOutput"><span class="menuItemLabel lowerLevelMenuListItem">age defying serums</span></p> </a> <span data-icon="5" aria-hidden="true" class="globalNavArrow hide"></span> <div id="subcategoryLink_2480179_1611239_2968199" class="subcategoryMenu" data-parent="departmentMenu_2480179_1611239" style="top:0"> </div> </li> <li class="categoryMenuListItem"> <a id="categoryLink_2480179_1611239_1767679" onfocus="addBackgroundColourOnFocus(this)" onblur="removeBackgroundColourOnFocus(this)" aria-label="link" href="https://www.boots.com/no7/no7-bestsellers" name="Supermenu:No7:No7:No7 bestsellers" title="No7 bestsellers" class="menuLink categoryLinkItem anchorDataToggle" role="menuitem" data-toggle="subcategoryMenu" onclick="analyticsJS.headObjectEventGtm(&quot;No7:No7:No7 bestsellers&quot;)" tabindex="29"> <p class="categoryLinkOutput"><span class="menuItemLabel lowerLevelMenuListItem">No7 bestsellers</span></p> </a> <span data-icon="5" aria-hidden="true" class="globalNavArrow hide"></span> <div id="subcategoryLink_2480179_1611239_1767679" class="subcategoryMenu" data-parent="departmentMenu_2480179_1611239" style="top:0"> </div> </li> <li class="categoryMenuListItem"> <a id="categoryLink_2480179_1611239_1767680" onfocus="addBackgroundColourOnFocus(this)" onblur="removeBackgroundColourOnFocus(this)" aria-label="link" href="https://www.boots.com/no7/no7-new" name="Supermenu:No7:No7:No7 new in" title="No7 new in" class="menuLink categoryLinkItem anchorDataToggle" role="menuitem" data-toggle="subcategoryMenu" onclick="analyticsJS.headObjectEventGtm(&quot;No7:No7:No7 new in&quot;)" tabindex="29"> <p class="categoryLinkOutput"><span class="menuItemLabel lowerLevelMenuListItem">No7 new in</span></p> </a> <span data-icon="5" aria-hidden="true" class="globalNavArrow hide"></span> <div id="subcategoryLink_2480179_1611239_1767680" class="subcategoryMenu" data-parent="departmentMenu_2480179_1611239" style="top:0"> </div> </li> <li class="categoryMenuListItem"> <a id="categoryLink_2480179_1611239_1611258" onfocus="addBackgroundColourOnFocus(this)" onblur="removeBackgroundColourOnFocus(this)" aria-label="link" href="javascript:;" name="Supermenu:No7:No7:No7 skincare" title="No7 skincare" class="menuLink categoryLinkItem anchorDataToggle" role="menuitem" data-toggle="subcategoryLink_2480179_1611239_1611258" tabindex="29"> <p class="categoryLinkOutput"><span class="menuItemLabel lowerLevelMenuListItem">No7 skincare</span></p> </a> <span data-icon="5" aria-hidden="true" class="globalNavArrow"></span> <div id="subcategoryLink_2480179_1611239_1611258" class="subcategoryMenu" role="menu" data-parent="departmentMenu_2480179_1611239" style="top:0"> <ul id="subcategoryList" class="subcategoryList"> <li class="mobileNavBackButtons" onclick="toggle(document.getElementById(&quot;subcategoryLink_2480179_1611239_1611258&quot;)),setUpMobileBurgerMenu(this,&quot;subcategoryLink_2480179_1611239_1611258&quot;)"> <span data-icon="4" aria-hidden="true" class="mobileBackArrow"></span> <a class="mobileBackLink" tabindex="30"> <span class="menuItemLabel lowerLevelMenuListItem">No7 skincare</span> </a> </li> <li> <a id="categoryLink_2480179_1611239_1611258" name="Supermenu:No7:No7:View all No7 skincare" onfocus="addBackgroundColourOnFocus(this)" onclick="analyticsJS.headObjectEventGtm(&quot;No7 : No7 : visit No7 skincare&quot;)" onblur="removeBackgroundColourOnFocus(this)" href="https://www.boots.com/no7/no7-skincare" tabindex="30" class="viewAllHeader"> <p class="subcategoryLinkOutput"><span class="menuItemLabel lowerLevelMenuListItem">visit&nbsp;no7 skincare</span></p> </a> </li> </ul> </div> </li> <li class="categoryMenuListItem"> <a id="categoryLink_2480179_1611239_1611249" onfocus="addBackgroundColourOnFocus(this)" onblur="removeBackgroundColourOnFocus(this)" aria-label="link" href="javascript:;" name="Supermenu:No7:No7:No7 makeup" title="No7 makeup" class="menuLink categoryLinkItem anchorDataToggle" role="menuitem" data-toggle="subcategoryLink_2480179_1611239_1611249" tabindex="29"> <p class="categoryLinkOutput"><span class="menuItemLabel lowerLevelMenuListItem">No7 makeup</span></p> </a> <span data-icon="5" aria-hidden="true" class="globalNavArrow"></span> <div id="subcategoryLink_2480179_1611239_1611249" class="subcategoryMenu" role="menu" data-parent="departmentMenu_2480179_1611239" style="top:0"> <ul id="subcategoryList" class="subcategoryList"> <li class="mobileNavBackButtons" onclick="toggle(document.getElementById(&quot;subcategoryLink_2480179_1611239_1611249&quot;)),setUpMobileBurgerMenu(this,&quot;subcategoryLink_2480179_1611239_1611249&quot;)"> <span data-icon="4" aria-hidden="true" class="mobileBackArrow"></span> <a class="mobileBackLink" tabindex="30"> <span class="menuItemLabel lowerLevelMenuListItem">No7 makeup</span> </a> </li> <li> <a id="categoryLink_2480179_1611239_1611249" name="Supermenu:No7:No7:View all No7 makeup" onfocus="addBackgroundColourOnFocus(this)" onclick="analyticsJS.headObjectEventGtm(&quot;No7 : No7 : visit No7 makeup&quot;)" onblur="removeBackgroundColourOnFocus(this)" href="https://www.boots.com/no7/no7-make-up" tabindex="30" class="viewAllHeader"> <p class="subcategoryLinkOutput"><span class="menuItemLabel lowerLevelMenuListItem">visit&nbsp;no7 makeup</span></p> </a> </li> </ul> </div> </li> <li class="categoryMenuListItem"> <a id="categoryLink_2480179_1611239_2075191" onfocus="addBackgroundColourOnFocus(this)" onblur="removeBackgroundColourOnFocus(this)" aria-label="link" href="https://www.boots.com/no7/no7-better-than-half-price-collections" name="Supermenu:No7:No7:No7 better than half price collections" title="No7 better than half price collections" class="menuLink categoryLinkItem anchorDataToggle" role="menuitem" data-toggle="subcategoryMenu" onclick="analyticsJS.headObjectEventGtm(&quot;No7:No7:No7 better than half price collections&quot;)" tabindex="29"> <p class="categoryLinkOutput"><span class="menuItemLabel lowerLevelMenuListItem">No7 better than half price collections</span></p> </a> <span data-icon="5" aria-hidden="true" class="globalNavArrow hide"></span> <div id="subcategoryLink_2480179_1611239_2075191" class="subcategoryMenu" data-parent="departmentMenu_2480179_1611239" style="top:0"> </div> </li> <li class="categoryMenuListItem"> <a id="categoryLink_2480179_1611239_1611240" onfocus="addBackgroundColourOnFocus(this)" onblur="removeBackgroundColourOnFocus(this)" aria-label="link" href="javascript:;" name="Supermenu:No7:No7:No7 mens" title="No7 mens" class="menuLink categoryLinkItem anchorDataToggle" role="menuitem" data-toggle="subcategoryLink_2480179_1611239_1611240" tabindex="29"> <p class="categoryLinkOutput"><span class="menuItemLabel lowerLevelMenuListItem">No7 mens</span></p> </a> <span data-icon="5" aria-hidden="true" class="globalNavArrow"></span> <div id="subcategoryLink_2480179_1611239_1611240" class="subcategoryMenu" role="menu" data-parent="departmentMenu_2480179_1611239" style="top:0"> <ul id="subcategoryList" class="subcategoryList"> <li class="mobileNavBackButtons" onclick="toggle(document.getElementById(&quot;subcategoryLink_2480179_1611239_1611240&quot;)),setUpMobileBurgerMenu(this,&quot;subcategoryLink_2480179_1611239_1611240&quot;)"> <span data-icon="4" aria-hidden="true" class="mobileBackArrow"></span> <a class="mobileBackLink" tabindex="30"> <span class="menuItemLabel lowerLevelMenuListItem">No7 mens</span> </a> </li> <li> <a id="categoryLink_2480179_1611239_1611240" name="Supermenu:No7:No7:View all No7 mens" onfocus="addBackgroundColourOnFocus(this)" onclick="analyticsJS.headObjectEventGtm(&quot;No7 : No7 : visit No7 mens&quot;)" onblur="removeBackgroundColourOnFocus(this)" href="https://www.boots.com/no7/no7-mens" tabindex="30" class="viewAllHeader"> <p class="subcategoryLinkOutput"><span class="menuItemLabel lowerLevelMenuListItem">visit&nbsp;no7 mens</span></p> </a> </li> </ul> </div> </li> <li class="categoryMenuListItem"> <a id="categoryLink_2480179_1611239_1611241" onfocus="addBackgroundColourOnFocus(this)" onblur="removeBackgroundColourOnFocus(this)" aria-label="link" href="https://www.boots.com/no7/no7-suncare" name="Supermenu:No7:No7:No7 suncare &amp; fake tan" title="No7 suncare &amp; fake tan" class="menuLink categoryLinkItem anchorDataToggle" role="menuitem" data-toggle="subcategoryMenu" onclick="analyticsJS.headObjectEventGtm(&quot;No7:No7:No7 suncare &amp; fake tan&quot;)" tabindex="29"> <p class="categoryLinkOutput"><span class="menuItemLabel lowerLevelMenuListItem">No7 suncare &amp; fake tan</span></p> </a> <span data-icon="5" aria-hidden="true" class="globalNavArrow hide"></span> <div id="subcategoryLink_2480179_1611239_1611241" class="subcategoryMenu" data-parent="departmentMenu_2480179_1611239" style="top:0"> </div> </li> <li class="categoryMenuListItem"> <a id="categoryLink_2480179_1611239_1611242" onfocus="addBackgroundColourOnFocus(this)" onblur="removeBackgroundColourOnFocus(this)" aria-label="link" href="https://www.boots.com/no7/no7-bath-body" name="Supermenu:No7:No7:No7 bath &amp; body" title="No7 bath &amp; body" class="menuLink categoryLinkItem anchorDataToggle" role="menuitem" data-toggle="subcategoryMenu" onclick="analyticsJS.headObjectEventGtm(&quot;No7:No7:No7 bath &amp; body&quot;)" tabindex="29"> <p class="categoryLinkOutput"><span class="menuItemLabel lowerLevelMenuListItem">No7 bath &amp; body</span></p> </a> <span data-icon="5" aria-hidden="true" class="globalNavArrow hide"></span> <div id="subcategoryLink_2480179_1611239_1611242" class="subcategoryMenu" data-parent="departmentMenu_2480179_1611239" style="top:0"> </div> </li> <li class="categoryMenuListItem"> <a id="categoryLink_2480179_1611239_1611255" onfocus="addBackgroundColourOnFocus(this)" onblur="removeBackgroundColourOnFocus(this)" aria-label="link" href="https://www.boots.com/no7/no7-make-up-accessories" name="Supermenu:No7:No7:No7 accessories" title="No7 accessories" class="menuLink categoryLinkItem anchorDataToggle" role="menuitem" data-toggle="subcategoryMenu" onclick="analyticsJS.headObjectEventGtm(&quot;No7:No7:No7 accessories&quot;)" tabindex="29"> <p class="categoryLinkOutput"><span class="menuItemLabel lowerLevelMenuListItem">No7 accessories</span></p> </a> <span data-icon="5" aria-hidden="true" class="globalNavArrow hide"></span> <div id="subcategoryLink_2480179_1611239_1611255" class="subcategoryMenu" data-parent="departmentMenu_2480179_1611239" style="top:0"> </div> </li> <li class="categoryMenuListItem"> <a id="categoryLink_2480179_1611239_1803681" onfocus="addBackgroundColourOnFocus(this)" onblur="removeBackgroundColourOnFocus(this)" aria-label="link" href="javascript:;" name="Supermenu:No7:No7:No7 gifts" title="No7 gifts" class="menuLink categoryLinkItem anchorDataToggle" role="menuitem" data-toggle="subcategoryLink_2480179_1611239_1803681" tabindex="29"> <p class="categoryLinkOutput"><span class="menuItemLabel lowerLevelMenuListItem">No7 gifts</span></p> </a> <span data-icon="5" aria-hidden="true" class="globalNavArrow"></span> <div id="subcategoryLink_2480179_1611239_1803681" class="subcategoryMenu" role="menu" data-parent="departmentMenu_2480179_1611239" style="top:0"> <ul id="subcategoryList" class="subcategoryList"> <li class="mobileNavBackButtons" onclick="toggle(document.getElementById(&quot;subcategoryLink_2480179_1611239_1803681&quot;)),setUpMobileBurgerMenu(this,&quot;subcategoryLink_2480179_1611239_1803681&quot;)"> <span data-icon="4" aria-hidden="true" class="mobileBackArrow"></span> <a class="mobileBackLink" tabindex="30"> <span class="menuItemLabel lowerLevelMenuListItem">No7 gifts</span> </a> </li> <li> <a id="categoryLink_2480179_1611239_1803681" name="Supermenu:No7:No7:View all No7 gifts" onfocus="addBackgroundColourOnFocus(this)" onclick="analyticsJS.headObjectEventGtm(&quot;No7 : No7 : visit No7 gifts&quot;)" onblur="removeBackgroundColourOnFocus(this)" href="https://www.boots.com/no7/no7-gifts" tabindex="30" class="viewAllHeader"> <p class="subcategoryLinkOutput"><span class="menuItemLabel lowerLevelMenuListItem">visit&nbsp;no7 gifts</span></p> </a> </li> </ul> </div> </li> <li class="categoryMenuListItem"> <a id="categoryLink_2480179_1611239_1943695" onfocus="addBackgroundColourOnFocus(this)" onblur="removeBackgroundColourOnFocus(this)" aria-label="link" href="https://www.boots.com/no7/no7-online-only" name="Supermenu:No7:No7:No7 bundles" title="No7 bundles" class="menuLink categoryLinkItem anchorDataToggle" role="menuitem" data-toggle="subcategoryMenu" onclick="analyticsJS.headObjectEventGtm(&quot;No7:No7:No7 bundles&quot;)" tabindex="29"> <p class="categoryLinkOutput"><span class="menuItemLabel lowerLevelMenuListItem">No7 bundles</span></p> </a> <span data-icon="5" aria-hidden="true" class="globalNavArrow hide"></span> <div id="subcategoryLink_2480179_1611239_1943695" class="subcategoryMenu" data-parent="departmentMenu_2480179_1611239" style="top:0"> </div> </li> <li class="categoryMenuListItem"> <a id="categoryLink_2480179_1611239_2143183" onfocus="addBackgroundColourOnFocus(this)" onblur="removeBackgroundColourOnFocus(this)" aria-label="link" href="javascript:;" name="Supermenu:No7:No7:No7 advice" title="No7 advice" class="menuLink categoryLinkItem anchorDataToggle" role="menuitem" data-toggle="subcategoryLink_2480179_1611239_2143183" tabindex="29"> <p class="categoryLinkOutput"><span class="menuItemLabel lowerLevelMenuListItem">No7 advice</span></p> </a> <span data-icon="5" aria-hidden="true" class="globalNavArrow"></span> <div id="subcategoryLink_2480179_1611239_2143183" class="subcategoryMenu" role="menu" data-parent="departmentMenu_2480179_1611239" style="top:0"> <ul id="subcategoryList" class="subcategoryList"> <li class="mobileNavBackButtons" onclick="toggle(document.getElementById(&quot;subcategoryLink_2480179_1611239_2143183&quot;)),setUpMobileBurgerMenu(this,&quot;subcategoryLink_2480179_1611239_2143183&quot;)"> <span data-icon="4" aria-hidden="true" class="mobileBackArrow"></span> <a class="mobileBackLink" tabindex="30"> <span class="menuItemLabel lowerLevelMenuListItem">No7 advice</span> </a> </li> <li> <a id="categoryLink_2480179_1611239_2143183" name="Supermenu:No7:No7:View all No7 advice" onfocus="addBackgroundColourOnFocus(this)" onclick="analyticsJS.headObjectEventGtm(&quot;No7 : No7 : visit No7 advice&quot;)" onblur="removeBackgroundColourOnFocus(this)" href="https://www.boots.com/no7/no7-inspiration-and-advice" tabindex="30" class="viewAllHeader"> <p class="subcategoryLinkOutput"><span class="menuItemLabel lowerLevelMenuListItem">visit&nbsp;no7 advice</span></p> </a> </li> </ul> </div> </li> </ul> </div> </li> <li class="departmentMenuListItem"> <a id="departmentLink_1803681" onfocus="addBackgroundColourOnFocus(this)" onblur="removeBackgroundColourOnFocus(this)" name="Supermenu:No7:No7 gifts" title="No7 gifts" href="javascript:;" class="1 link menuLink departmentLinkItem anchorDataToggle" data-toggle="departmentMenu_2480179_1803681" role="menuitem" tabindex="28" aria-label="link, collapsed content"> <p class="departmentLinkOutput"><span class="menuItemLabel lowerLevelMenuListItem">No7 gifts</span></p> </a> <span data-icon="5" aria-hidden="true" class="globalNavArrow" id="departmenrGlobalNavArrow"></span> <div id="departmentMenu_2480179_1803681" class="departmentMenu departmentList" role="menu" data-parent="departmentMenu" data-id="1803681" aria-label="No7 gifts" style="top:65px" data-espot-show="ESpot_no7-gifts"> <ul id="catergoryList" class="categoryList" data-parent="departmentMenu" data-toggle="departmentMenu_2480179_1803681" style="top:-65px"> <li class="mobileNavBackButtons" onclick="toggle(document.getElementById(&quot;departmentMenu_2480179_1803681&quot;)),setUpMobileBurgerMenu(this,&quot;catergoryList&quot;)"> <span data-icon="4" aria-hidden="true" class="mobileBackArrow"></span> <a class="mobileBackLink" tabindex="29"> <span class="menuItemLabel lowerLevelMenuListItem">No7 gifts</span> </a> </li> <li class="categoryMenuListItem"> <a id="departmentLink_1803681_view_all" onfocus="addBackgroundColourOnFocus(this)" onblur="removeBackgroundColourOnFocus(this)" onclick="analyticsJS.headObjectEventGtm(&quot;No7 : visit No7 gifts&quot;)" name="Supermenu:No7:View all No7 gifts" href="https://www.boots.com/no7-gifts" class="viewAllHeader" role="menuitem" tabindex="29" data-toggle="subcategoryMenu"> <p class="categoryLinkOutput"><span class="menuItemLabel lowerLevelMenuListItem">visit&nbsp;no7 gifts</span></p> </a> </li> <li class="categoryMenuListItem"> <a id="categoryLink_2480179_1803681_2710186" onfocus="addBackgroundColourOnFocus(this)" onblur="removeBackgroundColourOnFocus(this)" aria-label="link" href="https://www.boots.com/no7-gifts/no7-beauty-advent-calendars" name="Supermenu:No7:No7 gifts:No7 Beauty Calendars" title="No7 Beauty Calendars" class="menuLink categoryLinkItem anchorDataToggle" role="menuitem" data-toggle="subcategoryMenu" onclick="analyticsJS.headObjectEventGtm(&quot;No7:No7 gifts:No7 Beauty Calendars&quot;)" tabindex="29"> <p class="categoryLinkOutput"><span class="menuItemLabel lowerLevelMenuListItem">No7 Beauty Calendars</span></p> </a> <span data-icon="5" aria-hidden="true" class="globalNavArrow hide"></span> <div id="subcategoryLink_2480179_1803681_2710186" class="subcategoryMenu" data-parent="departmentMenu_2480179_1803681" style="top:0"> </div> </li> </ul> </div> </li> <li class="departmentMenuListItem"> <a id="departmentLink_1817680" onfocus="addBackgroundColourOnFocus(this)" onblur="removeBackgroundColourOnFocus(this)" name="Supermenu:No7:No7 shop all" title="No7 shop all" href="https://www.boots.com/no7-shop-all" class="2 link menuLink departmentLinkItem anchorDataToggle" data-toggle="departmentList" onclick="analyticsJS.headObjectEventGtm(&quot;No7:No7 shop all&quot;)" role="menuitem" tabindex="28" aria-label="link"> <p class="departmentLinkOutput"><span class="menuItemLabel lowerLevelMenuListItem">No7 shop all</span></p> </a> <span data-icon="5" aria-hidden="true" class="globalNavArrow hide" id="departmenrGlobalNavArrow"></span> <div id="departmentMenu_2480179_1817680" class="departmentMenu departmentList" data-parent="departmentMenu" data-id="1817680" aria-label="No7 shop all" style="top:65px" data-espot-show="ESpot_no7-shop-all"> </div> </li> <li class="departmentMenuListItem"> <a id="departmentLink_3017182" onfocus="addBackgroundColourOnFocus(this)" onblur="removeBackgroundColourOnFocus(this)" name="Supermenu:No7:No7 future renew" title="No7 future renew" href="javascript:;" class="3 link menuLink departmentLinkItem anchorDataToggle" data-toggle="departmentMenu_2480179_3017182" role="menuitem" tabindex="28" aria-label="link, collapsed content"> <p class="departmentLinkOutput"><span class="menuItemLabel lowerLevelMenuListItem">No7 future renew</span></p> </a> <span data-icon="5" aria-hidden="true" class="globalNavArrow" id="departmenrGlobalNavArrow"></span> <div id="departmentMenu_2480179_3017182" class="departmentMenu departmentList" role="menu" data-parent="departmentMenu" data-id="3017182" aria-label="No7 future renew" style="top:65px" data-espot-show="ESpot_future-renew"> <ul id="catergoryList" class="categoryList" data-parent="departmentMenu" data-toggle="departmentMenu_2480179_3017182" style="top:-65px"> <li class="mobileNavBackButtons" onclick="toggle(document.getElementById(&quot;departmentMenu_2480179_3017182&quot;)),setUpMobileBurgerMenu(this,&quot;catergoryList&quot;)"> <span data-icon="4" aria-hidden="true" class="mobileBackArrow"></span> <a class="mobileBackLink" tabindex="29"> <span class="menuItemLabel lowerLevelMenuListItem">No7 future renew</span> </a> </li> <li class="categoryMenuListItem"> <a id="departmentLink_3017182_view_all" onfocus="addBackgroundColourOnFocus(this)" onblur="removeBackgroundColourOnFocus(this)" onclick="analyticsJS.headObjectEventGtm(&quot;No7 : visit No7 future renew&quot;)" name="Supermenu:No7:View all No7 future renew" href="https://www.boots.com/future-renew" class="viewAllHeader" role="menuitem" tabindex="29" data-toggle="subcategoryMenu"> <p class="categoryLinkOutput"><span class="menuItemLabel lowerLevelMenuListItem">visit&nbsp;no7 future renew</span></p> </a> </li> <li class="categoryMenuListItem"> <a id="categoryLink_2480179_3017182_3243682" onfocus="addBackgroundColourOnFocus(this)" onblur="removeBackgroundColourOnFocus(this)" aria-label="link" href="https://www.boots.com/future-renew/no7-skin-future-renew" name="Supermenu:No7:No7 future renew:discover no7 skin future renew" title="discover no7 skin future renew" class="menuLink categoryLinkItem anchorDataToggle" role="menuitem" data-toggle="subcategoryMenu" onclick="analyticsJS.headObjectEventGtm(&quot;No7:No7 future renew:discover no7 skin future renew&quot;)" tabindex="29"> <p class="categoryLinkOutput"><span class="menuItemLabel lowerLevelMenuListItem">discover no7 skin future renew</span></p> </a> <span data-icon="5" aria-hidden="true" class="globalNavArrow hide"></span> <div id="subcategoryLink_2480179_3017182_3243682" class="subcategoryMenu" data-parent="departmentMenu_2480179_3017182" style="top:0"> </div> </li> </ul> </div> </li> <li class="departmentMenuListItem"> <a id="departmentLink_1611258" onfocus="addBackgroundColourOnFocus(this)" onblur="removeBackgroundColourOnFocus(this)" name="Supermenu:No7:No7 skincare" title="No7 skincare" href="javascript:;" class="4 link menuLink departmentLinkItem anchorDataToggle" data-toggle="departmentMenu_2480179_1611258" role="menuitem" tabindex="28" aria-label="link, collapsed content"> <p class="departmentLinkOutput"><span class="menuItemLabel lowerLevelMenuListItem">No7 skincare</span></p> </a> <span data-icon="5" aria-hidden="true" class="globalNavArrow" id="departmenrGlobalNavArrow"></span> <div id="departmentMenu_2480179_1611258" class="departmentMenu departmentList" role="menu" data-parent="departmentMenu" data-id="1611258" aria-label="No7 skincare" style="top:65px" data-espot-show="ESpot_no7-skincare"> <ul id="catergoryList" class="categoryList" data-parent="departmentMenu" data-toggle="departmentMenu_2480179_1611258" style="top:-65px"> <li class="mobileNavBackButtons" onclick="toggle(document.getElementById(&quot;departmentMenu_2480179_1611258&quot;)),setUpMobileBurgerMenu(this,&quot;catergoryList&quot;)"> <span data-icon="4" aria-hidden="true" class="mobileBackArrow"></span> <a class="mobileBackLink" tabindex="29"> <span class="menuItemLabel lowerLevelMenuListItem">No7 skincare</span> </a> </li> <li class="categoryMenuListItem"> <a id="departmentLink_1611258_view_all" onfocus="addBackgroundColourOnFocus(this)" onblur="removeBackgroundColourOnFocus(this)" onclick="analyticsJS.headObjectEventGtm(&quot;No7 : visit No7 skincare&quot;)" name="Supermenu:No7:View all No7 skincare" href="https://www.boots.com/no7-skincare" class="viewAllHeader" role="menuitem" tabindex="29" data-toggle="subcategoryMenu"> <p class="categoryLinkOutput"><span class="menuItemLabel lowerLevelMenuListItem">visit&nbsp;no7 skincare</span></p> </a> </li> <li class="categoryMenuListItem"> <a id="categoryLink_2480179_1611258_3017182" onfocus="addBackgroundColourOnFocus(this)" onblur="removeBackgroundColourOnFocus(this)" aria-label="link" href="javascript:;" name="Supermenu:No7:No7 skincare:No7 future renew" title="No7 future renew" class="menuLink categoryLinkItem anchorDataToggle" role="menuitem" data-toggle="subcategoryLink_2480179_1611258_3017182" tabindex="29"> <p class="categoryLinkOutput"><span class="menuItemLabel lowerLevelMenuListItem">No7 future renew</span></p> </a> <span data-icon="5" aria-hidden="true" class="globalNavArrow"></span> <div id="subcategoryLink_2480179_1611258_3017182" class="subcategoryMenu" role="menu" data-parent="departmentMenu_2480179_1611258" style="top:0"> <ul id="subcategoryList" class="subcategoryList"> <li class="mobileNavBackButtons" onclick="toggle(document.getElementById(&quot;subcategoryLink_2480179_1611258_3017182&quot;)),setUpMobileBurgerMenu(this,&quot;subcategoryLink_2480179_1611258_3017182&quot;)"> <span data-icon="4" aria-hidden="true" class="mobileBackArrow"></span> <a class="mobileBackLink" tabindex="30"> <span class="menuItemLabel lowerLevelMenuListItem">No7 future renew</span> </a> </li> <li> <a id="categoryLink_2480179_1611258_3017182" name="Supermenu:No7:No7 skincare:View all No7 future renew" onfocus="addBackgroundColourOnFocus(this)" onclick="analyticsJS.headObjectEventGtm(&quot;No7 : No7 skincare : visit No7 future renew&quot;)" onblur="removeBackgroundColourOnFocus(this)" href="https://www.boots.com/no7-skincare/future-renew" tabindex="30" class="viewAllHeader"> <p class="subcategoryLinkOutput"><span class="menuItemLabel lowerLevelMenuListItem">visit&nbsp;no7 future renew</span></p> </a> </li> </ul> </div> </li> <li class="categoryMenuListItem"> <a id="categoryLink_2480179_1611258_2710186" onfocus="addBackgroundColourOnFocus(this)" onblur="removeBackgroundColourOnFocus(this)" aria-label="link" href="https://www.boots.com/no7-skincare/no7-beauty-advent-calendars" name="Supermenu:No7:No7 skincare:No7 Beauty Calendars" title="No7 Beauty Calendars" class="menuLink categoryLinkItem anchorDataToggle" role="menuitem" data-toggle="subcategoryMenu" onclick="analyticsJS.headObjectEventGtm(&quot;No7:No7 skincare:No7 Beauty Calendars&quot;)" tabindex="29"> <p class="categoryLinkOutput"><span class="menuItemLabel lowerLevelMenuListItem">No7 Beauty Calendars</span></p> </a> <span data-icon="5" aria-hidden="true" class="globalNavArrow hide"></span> <div id="subcategoryLink_2480179_1611258_2710186" class="subcategoryMenu" data-parent="departmentMenu_2480179_1611258" style="top:0"> </div> </li> <li class="categoryMenuListItem"> <a id="categoryLink_2480179_1611258_3133208" onfocus="addBackgroundColourOnFocus(this)" onblur="removeBackgroundColourOnFocus(this)" aria-label="link" href="javascript:;" name="Supermenu:No7:No7 skincare:derm solutions" title="derm solutions" class="menuLink categoryLinkItem anchorDataToggle" role="menuitem" data-toggle="subcategoryLink_2480179_1611258_3133208" tabindex="29"> <p class="categoryLinkOutput"><span class="menuItemLabel lowerLevelMenuListItem">derm solutions</span></p> </a> <span data-icon="5" aria-hidden="true" class="globalNavArrow"></span> <div id="subcategoryLink_2480179_1611258_3133208" class="subcategoryMenu" role="menu" data-parent="departmentMenu_2480179_1611258" style="top:0"> <ul id="subcategoryList" class="subcategoryList"> <li class="mobileNavBackButtons" onclick="toggle(document.getElementById(&quot;subcategoryLink_2480179_1611258_3133208&quot;)),setUpMobileBurgerMenu(this,&quot;subcategoryLink_2480179_1611258_3133208&quot;)"> <span data-icon="4" aria-hidden="true" class="mobileBackArrow"></span> <a class="mobileBackLink" tabindex="30"> <span class="menuItemLabel lowerLevelMenuListItem">derm solutions</span> </a> </li> <li> <a id="categoryLink_2480179_1611258_3133208" name="Supermenu:No7:No7 skincare:View all derm solutions" onfocus="addBackgroundColourOnFocus(this)" onclick="analyticsJS.headObjectEventGtm(&quot;No7 : No7 skincare : visit derm solutions&quot;)" onblur="removeBackgroundColourOnFocus(this)" href="https://www.boots.com/no7-skincare/no7-derm-solutions-range" tabindex="30" class="viewAllHeader"> <p class="subcategoryLinkOutput"><span class="menuItemLabel lowerLevelMenuListItem">visit&nbsp;derm solutions</span></p> </a> </li> </ul> </div> </li> <li class="categoryMenuListItem"> <a id="categoryLink_2480179_1611258_2437180" onfocus="addBackgroundColourOnFocus(this)" onblur="removeBackgroundColourOnFocus(this)" aria-label="link" href="javascript:;" name="Supermenu:No7:No7 skincare:no7 personalised skin analysis" title="no7 personalised skin analysis" class="menuLink categoryLinkItem anchorDataToggle" role="menuitem" data-toggle="subcategoryLink_2480179_1611258_2437180" tabindex="29"> <p class="categoryLinkOutput"><span class="menuItemLabel lowerLevelMenuListItem">no7 personalised skin analysis</span></p> </a> <span data-icon="5" aria-hidden="true" class="globalNavArrow"></span> <div id="subcategoryLink_2480179_1611258_2437180" class="subcategoryMenu" role="menu" data-parent="departmentMenu_2480179_1611258" style="top:0"> <ul id="subcategoryList" class="subcategoryList"> <li class="mobileNavBackButtons" onclick="toggle(document.getElementById(&quot;subcategoryLink_2480179_1611258_2437180&quot;)),setUpMobileBurgerMenu(this,&quot;subcategoryLink_2480179_1611258_2437180&quot;)"> <span data-icon="4" aria-hidden="true" class="mobileBackArrow"></span> <a class="mobileBackLink" tabindex="30"> <span class="menuItemLabel lowerLevelMenuListItem">no7 personalised skin analysis</span> </a> </li> <li> <a id="categoryLink_2480179_1611258_2437180" name="Supermenu:No7:No7 skincare:View all no7 personalised skin analysis" onfocus="addBackgroundColourOnFocus(this)" onclick="analyticsJS.headObjectEventGtm(&quot;No7 : No7 skincare : visit no7 personalised skin analysis&quot;)" onblur="removeBackgroundColourOnFocus(this)" href="https://www.boots.com/no7-skincare/no7-personalised-skin" tabindex="30" class="viewAllHeader"> <p class="subcategoryLinkOutput"><span class="menuItemLabel lowerLevelMenuListItem">visit&nbsp;no7 personalised skin analysis</span></p> </a> </li> </ul> </div> </li> <li class="categoryMenuListItem"> <a id="categoryLink_2480179_1611258_3200198" onfocus="addBackgroundColourOnFocus(this)" onblur="removeBackgroundColourOnFocus(this)" aria-label="link" href="javascript:;" name="Supermenu:No7:No7 skincare:no7 online beauty services" title="no7 online beauty services" class="menuLink categoryLinkItem anchorDataToggle" role="menuitem" data-toggle="subcategoryLink_2480179_1611258_3200198" tabindex="29"> <p class="categoryLinkOutput"><span class="menuItemLabel lowerLevelMenuListItem">no7 online beauty services</span></p> </a> <span data-icon="5" aria-hidden="true" class="globalNavArrow"></span> <div id="subcategoryLink_2480179_1611258_3200198" class="subcategoryMenu" role="menu" data-parent="departmentMenu_2480179_1611258" style="top:0"> <ul id="subcategoryList" class="subcategoryList"> <li class="mobileNavBackButtons" onclick="toggle(document.getElementById(&quot;subcategoryLink_2480179_1611258_3200198&quot;)),setUpMobileBurgerMenu(this,&quot;subcategoryLink_2480179_1611258_3200198&quot;)"> <span data-icon="4" aria-hidden="true" class="mobileBackArrow"></span> <a class="mobileBackLink" tabindex="30"> <span class="menuItemLabel lowerLevelMenuListItem">no7 online beauty services</span> </a> </li> <li> <a id="categoryLink_2480179_1611258_3200198" name="Supermenu:No7:No7 skincare:View all no7 online beauty services" onfocus="addBackgroundColourOnFocus(this)" onclick="analyticsJS.headObjectEventGtm(&quot;No7 : No7 skincare : visit no7 online beauty services&quot;)" onblur="removeBackgroundColourOnFocus(this)" href="https://www.boots.com/no7-skincare/no7-online-beauty-services" tabindex="30" class="viewAllHeader"> <p class="subcategoryLinkOutput"><span class="menuItemLabel lowerLevelMenuListItem">visit&nbsp;no7 online beauty services</span></p> </a> </li> </ul> </div> </li> <li class="categoryMenuListItem"> <a id="categoryLink_2480179_1611258_1611266" onfocus="addBackgroundColourOnFocus(this)" onblur="removeBackgroundColourOnFocus(this)" aria-label="link" href="https://www.boots.com/no7-skincare/no7-skincare-protect-perfect" name="Supermenu:No7:No7 skincare:protect &amp; perfect" title="protect &amp; perfect" class="menuLink categoryLinkItem anchorDataToggle" role="menuitem" data-toggle="subcategoryMenu" onclick="analyticsJS.headObjectEventGtm(&quot;No7:No7 skincare:protect &amp; perfect&quot;)" tabindex="29"> <p class="categoryLinkOutput"><span class="menuItemLabel lowerLevelMenuListItem">protect &amp; perfect</span></p> </a> <span data-icon="5" aria-hidden="true" class="globalNavArrow hide"></span> <div id="subcategoryLink_2480179_1611258_1611266" class="subcategoryMenu" data-parent="departmentMenu_2480179_1611258" style="top:0"> </div> </li> <li class="categoryMenuListItem"> <a id="categoryLink_2480179_1611258_1611259" onfocus="addBackgroundColourOnFocus(this)" onblur="removeBackgroundColourOnFocus(this)" aria-label="link" href="https://www.boots.com/no7-skincare/no7-skincare-lift-luminate" name="Supermenu:No7:No7 skincare:lift &amp; luminate" title="lift &amp; luminate" class="menuLink categoryLinkItem anchorDataToggle" role="menuitem" data-toggle="subcategoryMenu" onclick="analyticsJS.headObjectEventGtm(&quot;No7:No7 skincare:lift &amp; luminate&quot;)" tabindex="29"> <p class="categoryLinkOutput"><span class="menuItemLabel lowerLevelMenuListItem">lift &amp; luminate</span></p> </a> <span data-icon="5" aria-hidden="true" class="globalNavArrow hide"></span> <div id="subcategoryLink_2480179_1611258_1611259" class="subcategoryMenu" data-parent="departmentMenu_2480179_1611258" style="top:0"> </div> </li> <li class="categoryMenuListItem"> <a id="categoryLink_2480179_1611258_1611267" onfocus="addBackgroundColourOnFocus(this)" onblur="removeBackgroundColourOnFocus(this)" aria-label="link" href="https://www.boots.com/no7-skincare/no7-skincare-restore-renew" name="Supermenu:No7:No7 skincare:restore &amp; renew" title="restore &amp; renew" class="menuLink categoryLinkItem anchorDataToggle" role="menuitem" data-toggle="subcategoryMenu" onclick="analyticsJS.headObjectEventGtm(&quot;No7:No7 skincare:restore &amp; renew&quot;)" tabindex="29"> <p class="categoryLinkOutput"><span class="menuItemLabel lowerLevelMenuListItem">restore &amp; renew</span></p> </a> <span data-icon="5" aria-hidden="true" class="globalNavArrow hide"></span> <div id="subcategoryLink_2480179_1611258_1611267" class="subcategoryMenu" data-parent="departmentMenu_2480179_1611258" style="top:0"> </div> </li> <li class="categoryMenuListItem"> <a id="categoryLink_2480179_1611258_2143182" onfocus="addBackgroundColourOnFocus(this)" onblur="removeBackgroundColourOnFocus(this)" aria-label="link" href="https://www.boots.com/no7-skincare/no7-laboratories" name="Supermenu:No7:No7 skincare:laboratories" title="laboratories" class="menuLink categoryLinkItem anchorDataToggle" role="menuitem" data-toggle="subcategoryMenu" onclick="analyticsJS.headObjectEventGtm(&quot;No7:No7 skincare:laboratories&quot;)" tabindex="29"> <p class="categoryLinkOutput"><span class="menuItemLabel lowerLevelMenuListItem">laboratories</span></p> </a> <span data-icon="5" aria-hidden="true" class="globalNavArrow hide"></span> <div id="subcategoryLink_2480179_1611258_2143182" class="subcategoryMenu" data-parent="departmentMenu_2480179_1611258" style="top:0"> </div> </li> <li class="categoryMenuListItem"> <a id="categoryLink_2480179_1611258_1948193" onfocus="addBackgroundColourOnFocus(this)" onblur="removeBackgroundColourOnFocus(this)" aria-label="link" href="https://www.boots.com/no7-skincare/no7-retinol-range" name="Supermenu:No7:No7 skincare:retinol range" title="retinol range" class="menuLink categoryLinkItem anchorDataToggle" role="menuitem" data-toggle="subcategoryMenu" onclick="analyticsJS.headObjectEventGtm(&quot;No7:No7 skincare:retinol range&quot;)" tabindex="29"> <p class="categoryLinkOutput"><span class="menuItemLabel lowerLevelMenuListItem">retinol range</span></p> </a> <span data-icon="5" aria-hidden="true" class="globalNavArrow hide"></span> <div id="subcategoryLink_2480179_1611258_1948193" class="subcategoryMenu" data-parent="departmentMenu_2480179_1611258" style="top:0"> </div> </li> <li class="categoryMenuListItem"> <a id="categoryLink_2480179_1611258_2237680" onfocus="addBackgroundColourOnFocus(this)" onblur="removeBackgroundColourOnFocus(this)" aria-label="link" href="https://www.boots.com/no7-skincare/no7-hydraluminous-skincare" name="Supermenu:No7:No7 skincare:hydraluminous range" title="hydraluminous range" class="menuLink categoryLinkItem anchorDataToggle" role="menuitem" data-toggle="subcategoryMenu" onclick="analyticsJS.headObjectEventGtm(&quot;No7:No7 skincare:hydraluminous range&quot;)" tabindex="29"> <p class="categoryLinkOutput"><span class="menuItemLabel lowerLevelMenuListItem">hydraluminous range</span></p> </a> <span data-icon="5" aria-hidden="true" class="globalNavArrow hide"></span> <div id="subcategoryLink_2480179_1611258_2237680" class="subcategoryMenu" data-parent="departmentMenu_2480179_1611258" style="top:0"> </div> </li> <li class="categoryMenuListItem"> <a id="categoryLink_2480179_1611258_1611240" onfocus="addBackgroundColourOnFocus(this)" onblur="removeBackgroundColourOnFocus(this)" aria-label="link" href="javascript:;" name="Supermenu:No7:No7 skincare:No7 mens" title="No7 mens" class="menuLink categoryLinkItem anchorDataToggle" role="menuitem" data-toggle="subcategoryLink_2480179_1611258_1611240" tabindex="29"> <p class="categoryLinkOutput"><span class="menuItemLabel lowerLevelMenuListItem">No7 mens</span></p> </a> <span data-icon="5" aria-hidden="true" class="globalNavArrow"></span> <div id="subcategoryLink_2480179_1611258_1611240" class="subcategoryMenu" role="menu" data-parent="departmentMenu_2480179_1611258" style="top:0"> <ul id="subcategoryList" class="subcategoryList"> <li class="mobileNavBackButtons" onclick="toggle(document.getElementById(&quot;subcategoryLink_2480179_1611258_1611240&quot;)),setUpMobileBurgerMenu(this,&quot;subcategoryLink_2480179_1611258_1611240&quot;)"> <span data-icon="4" aria-hidden="true" class="mobileBackArrow"></span> <a class="mobileBackLink" tabindex="30"> <span class="menuItemLabel lowerLevelMenuListItem">No7 mens</span> </a> </li> <li> <a id="categoryLink_2480179_1611258_1611240" name="Supermenu:No7:No7 skincare:View all No7 mens" onfocus="addBackgroundColourOnFocus(this)" onclick="analyticsJS.headObjectEventGtm(&quot;No7 : No7 skincare : visit No7 mens&quot;)" onblur="removeBackgroundColourOnFocus(this)" href="https://www.boots.com/no7-skincare/no7-mens" tabindex="30" class="viewAllHeader"> <p class="subcategoryLinkOutput"><span class="menuItemLabel lowerLevelMenuListItem">visit&nbsp;no7 mens</span></p> </a> </li> </ul> </div> </li> <li class="categoryMenuListItem"> <a id="categoryLink_2480179_1611258_1611265" onfocus="addBackgroundColourOnFocus(this)" onblur="removeBackgroundColourOnFocus(this)" aria-label="link" href="https://www.boots.com/no7-skincare/no7-skincare-early-defence" name="Supermenu:No7:No7 skincare:early defence" title="early defence" class="menuLink categoryLinkItem anchorDataToggle" role="menuitem" data-toggle="subcategoryMenu" onclick="analyticsJS.headObjectEventGtm(&quot;No7:No7 skincare:early defence&quot;)" tabindex="29"> <p class="categoryLinkOutput"><span class="menuItemLabel lowerLevelMenuListItem">early defence</span></p> </a> <span data-icon="5" aria-hidden="true" class="globalNavArrow hide"></span> <div id="subcategoryLink_2480179_1611258_1611265" class="subcategoryMenu" data-parent="departmentMenu_2480179_1611258" style="top:0"> </div> </li> <li class="categoryMenuListItem"> <a id="categoryLink_2480179_1611258_1611262" onfocus="addBackgroundColourOnFocus(this)" onblur="removeBackgroundColourOnFocus(this)" aria-label="link" href="https://www.boots.com/no7-skincare/no7-skincare-serums" name="Supermenu:No7:No7 skincare:anti-ageing serums" title="anti-ageing serums" class="menuLink categoryLinkItem anchorDataToggle" role="menuitem" data-toggle="subcategoryMenu" onclick="analyticsJS.headObjectEventGtm(&quot;No7:No7 skincare:anti-ageing serums&quot;)" tabindex="29"> <p class="categoryLinkOutput"><span class="menuItemLabel lowerLevelMenuListItem">anti-ageing serums</span></p> </a> <span data-icon="5" aria-hidden="true" class="globalNavArrow hide"></span> <div id="subcategoryLink_2480179_1611258_1611262" class="subcategoryMenu" data-parent="departmentMenu_2480179_1611258" style="top:0"> </div> </li> <li class="categoryMenuListItem"> <a id="categoryLink_2480179_1611258_1630599" onfocus="addBackgroundColourOnFocus(this)" onblur="removeBackgroundColourOnFocus(this)" aria-label="link" href="https://www.boots.com/no7-skincare/no7-skincare-anti-ageing-skincare" name="Supermenu:No7:No7 skincare:anti-ageing skincare" title="anti-ageing skincare" class="menuLink categoryLinkItem anchorDataToggle" role="menuitem" data-toggle="subcategoryMenu" onclick="analyticsJS.headObjectEventGtm(&quot;No7:No7 skincare:anti-ageing skincare&quot;)" tabindex="29"> <p class="categoryLinkOutput"><span class="menuItemLabel lowerLevelMenuListItem">anti-ageing skincare</span></p> </a> <span data-icon="5" aria-hidden="true" class="globalNavArrow hide"></span> <div id="subcategoryLink_2480179_1611258_1630599" class="subcategoryMenu" data-parent="departmentMenu_2480179_1611258" style="top:0"> </div> </li> <li class="categoryMenuListItem"> <a id="categoryLink_2480179_1611258_2520686" onfocus="addBackgroundColourOnFocus(this)" onblur="removeBackgroundColourOnFocus(this)" aria-label="link" href="https://www.boots.com/no7-skincare/no7-radiance-plus" name="Supermenu:No7:No7 skincare:Radiance+" title="Radiance+" class="menuLink categoryLinkItem anchorDataToggle" role="menuitem" data-toggle="subcategoryMenu" onclick="analyticsJS.headObjectEventGtm(&quot;No7:No7 skincare:Radiance+&quot;)" tabindex="29"> <p class="categoryLinkOutput"><span class="menuItemLabel lowerLevelMenuListItem">Radiance+</span></p> </a> <span data-icon="5" aria-hidden="true" class="globalNavArrow hide"></span> <div id="subcategoryLink_2480179_1611258_2520686" class="subcategoryMenu" data-parent="departmentMenu_2480179_1611258" style="top:0"> </div> </li> <li class="categoryMenuListItem"> <a id="categoryLink_2480179_1611258_2578196" onfocus="addBackgroundColourOnFocus(this)" onblur="removeBackgroundColourOnFocus(this)" aria-label="link" href="https://www.boots.com/no7-skincare/no7-advanced-ingredients" name="Supermenu:No7:No7 skincare:advanced ingredients" title="advanced ingredients" class="menuLink categoryLinkItem anchorDataToggle" role="menuitem" data-toggle="subcategoryMenu" onclick="analyticsJS.headObjectEventGtm(&quot;No7:No7 skincare:advanced ingredients&quot;)" tabindex="29"> <p class="categoryLinkOutput"><span class="menuItemLabel lowerLevelMenuListItem">advanced ingredients</span></p> </a> <span data-icon="5" aria-hidden="true" class="globalNavArrow hide"></span> <div id="subcategoryLink_2480179_1611258_2578196" class="subcategoryMenu" data-parent="departmentMenu_2480179_1611258" style="top:0"> </div> </li> <li class="categoryMenuListItem"> <a id="categoryLink_2480179_1611258_1611261" onfocus="addBackgroundColourOnFocus(this)" onblur="removeBackgroundColourOnFocus(this)" aria-label="link" href="https://www.boots.com/no7-skincare/no7-skincare-everyday-moisturisers" name="Supermenu:No7:No7 skincare:No7 moisturisers" title="No7 moisturisers" class="menuLink categoryLinkItem anchorDataToggle" role="menuitem" data-toggle="subcategoryMenu" onclick="analyticsJS.headObjectEventGtm(&quot;No7:No7 skincare:No7 moisturisers&quot;)" tabindex="29"> <p class="categoryLinkOutput"><span class="menuItemLabel lowerLevelMenuListItem">No7 moisturisers</span></p> </a> <span data-icon="5" aria-hidden="true" class="globalNavArrow hide"></span> <div id="subcategoryLink_2480179_1611258_1611261" class="subcategoryMenu" data-parent="departmentMenu_2480179_1611258" style="top:0"> </div> </li> <li class="categoryMenuListItem"> <a id="categoryLink_2480179_1611258_1611260" onfocus="addBackgroundColourOnFocus(this)" onblur="removeBackgroundColourOnFocus(this)" aria-label="link" href="https://www.boots.com/no7-skincare/no7-skincare-cleansers-toners" name="Supermenu:No7:No7 skincare:cleansers &amp; toners" title="cleansers &amp; toners" class="menuLink categoryLinkItem anchorDataToggle" role="menuitem" data-toggle="subcategoryMenu" onclick="analyticsJS.headObjectEventGtm(&quot;No7:No7 skincare:cleansers &amp; toners&quot;)" tabindex="29"> <p class="categoryLinkOutput"><span class="menuItemLabel lowerLevelMenuListItem">cleansers &amp; toners</span></p> </a> <span data-icon="5" aria-hidden="true" class="globalNavArrow hide"></span> <div id="subcategoryLink_2480179_1611258_1611260" class="subcategoryMenu" data-parent="departmentMenu_2480179_1611258" style="top:0"> </div> </li> <li class="categoryMenuListItem"> <a id="categoryLink_2480179_1611258_1630600" onfocus="addBackgroundColourOnFocus(this)" onblur="removeBackgroundColourOnFocus(this)" aria-label="link" href="https://www.boots.com/no7-skincare/no7-skincare-masks-exfoliators" name="Supermenu:No7:No7 skincare:face masks" title="face masks" class="menuLink categoryLinkItem anchorDataToggle" role="menuitem" data-toggle="subcategoryMenu" onclick="analyticsJS.headObjectEventGtm(&quot;No7:No7 skincare:face masks&quot;)" tabindex="29"> <p class="categoryLinkOutput"><span class="menuItemLabel lowerLevelMenuListItem">face masks</span></p> </a> <span data-icon="5" aria-hidden="true" class="globalNavArrow hide"></span> <div id="subcategoryLink_2480179_1611258_1630600" class="subcategoryMenu" data-parent="departmentMenu_2480179_1611258" style="top:0"> </div> </li> </ul> </div> </li> <li class="departmentMenuListItem"> <a id="departmentLink_1611249" onfocus="addBackgroundColourOnFocus(this)" onblur="removeBackgroundColourOnFocus(this)" name="Supermenu:No7:No7 makeup" title="No7 makeup" href="javascript:;" class="5 link menuLink departmentLinkItem anchorDataToggle" data-toggle="departmentMenu_2480179_1611249" role="menuitem" tabindex="28" aria-label="link, collapsed content"> <p class="departmentLinkOutput"><span class="menuItemLabel lowerLevelMenuListItem">No7 makeup</span></p> </a> <span data-icon="5" aria-hidden="true" class="globalNavArrow" id="departmenrGlobalNavArrow"></span> <div id="departmentMenu_2480179_1611249" class="departmentMenu departmentList" role="menu" data-parent="departmentMenu" data-id="1611249" aria-label="No7 makeup" style="top:65px" data-espot-show="ESpot_no7-make-up"> <ul id="catergoryList" class="categoryList" data-parent="departmentMenu" data-toggle="departmentMenu_2480179_1611249" style="top:-65px"> <li class="mobileNavBackButtons" onclick="toggle(document.getElementById(&quot;departmentMenu_2480179_1611249&quot;)),setUpMobileBurgerMenu(this,&quot;catergoryList&quot;)"> <span data-icon="4" aria-hidden="true" class="mobileBackArrow"></span> <a class="mobileBackLink" tabindex="29"> <span class="menuItemLabel lowerLevelMenuListItem">No7 makeup</span> </a> </li> <li class="categoryMenuListItem"> <a id="departmentLink_1611249_view_all" onfocus="addBackgroundColourOnFocus(this)" onblur="removeBackgroundColourOnFocus(this)" onclick="analyticsJS.headObjectEventGtm(&quot;No7 : visit No7 makeup&quot;)" name="Supermenu:No7:View all No7 makeup" href="https://www.boots.com/no7-make-up" class="viewAllHeader" role="menuitem" tabindex="29" data-toggle="subcategoryMenu"> <p class="categoryLinkOutput"><span class="menuItemLabel lowerLevelMenuListItem">visit&nbsp;no7 makeup</span></p> </a> </li> <li class="categoryMenuListItem"> <a id="categoryLink_2480179_1611249_3353194" onfocus="addBackgroundColourOnFocus(this)" onblur="removeBackgroundColourOnFocus(this)" aria-label="link" href="https://www.boots.com/no7-make-up/no7-pro-artist" name="Supermenu:No7:No7 makeup:No7 Pro Artist" title="No7 Pro Artist" class="menuLink categoryLinkItem anchorDataToggle" role="menuitem" data-toggle="subcategoryMenu" onclick="analyticsJS.headObjectEventGtm(&quot;No7:No7 makeup:No7 Pro Artist&quot;)" tabindex="29"> <p class="categoryLinkOutput"><span class="menuItemLabel lowerLevelMenuListItem">No7 Pro Artist</span></p> </a> <span data-icon="5" aria-hidden="true" class="globalNavArrow hide"></span> <div id="subcategoryLink_2480179_1611249_3353194" class="subcategoryMenu" data-parent="departmentMenu_2480179_1611249" style="top:0"> </div> </li> <li class="categoryMenuListItem"> <a id="categoryLink_2480179_1611249_2032184" onfocus="addBackgroundColourOnFocus(this)" onblur="removeBackgroundColourOnFocus(this)" aria-label="link" href="https://www.boots.com/no7-make-up/no7-shop-all-make-up" name="Supermenu:No7:No7 makeup:No7 shop all makeup" title="No7 shop all makeup" class="menuLink categoryLinkItem anchorDataToggle" role="menuitem" data-toggle="subcategoryMenu" onclick="analyticsJS.headObjectEventGtm(&quot;No7:No7 makeup:No7 shop all makeup&quot;)" tabindex="29"> <p class="categoryLinkOutput"><span class="menuItemLabel lowerLevelMenuListItem">No7 shop all makeup</span></p> </a> <span data-icon="5" aria-hidden="true" class="globalNavArrow hide"></span> <div id="subcategoryLink_2480179_1611249_2032184" class="subcategoryMenu" data-parent="departmentMenu_2480179_1611249" style="top:0"> </div> </li> <li class="categoryMenuListItem"> <a id="categoryLink_2480179_1611249_3200198" onfocus="addBackgroundColourOnFocus(this)" onblur="removeBackgroundColourOnFocus(this)" aria-label="link" href="javascript:;" name="Supermenu:No7:No7 makeup:no7 online beauty services" title="no7 online beauty services" class="menuLink categoryLinkItem anchorDataToggle" role="menuitem" data-toggle="subcategoryLink_2480179_1611249_3200198" tabindex="29"> <p class="categoryLinkOutput"><span class="menuItemLabel lowerLevelMenuListItem">no7 online beauty services</span></p> </a> <span data-icon="5" aria-hidden="true" class="globalNavArrow"></span> <div id="subcategoryLink_2480179_1611249_3200198" class="subcategoryMenu" role="menu" data-parent="departmentMenu_2480179_1611249" style="top:0"> <ul id="subcategoryList" class="subcategoryList"> <li class="mobileNavBackButtons" onclick="toggle(document.getElementById(&quot;subcategoryLink_2480179_1611249_3200198&quot;)),setUpMobileBurgerMenu(this,&quot;subcategoryLink_2480179_1611249_3200198&quot;)"> <span data-icon="4" aria-hidden="true" class="mobileBackArrow"></span> <a class="mobileBackLink" tabindex="30"> <span class="menuItemLabel lowerLevelMenuListItem">no7 online beauty services</span> </a> </li> <li> <a id="categoryLink_2480179_1611249_3200198" name="Supermenu:No7:No7 makeup:View all no7 online beauty services" onfocus="addBackgroundColourOnFocus(this)" onclick="analyticsJS.headObjectEventGtm(&quot;No7 : No7 makeup : visit no7 online beauty services&quot;)" onblur="removeBackgroundColourOnFocus(this)" href="https://www.boots.com/no7-make-up/no7-online-beauty-services" tabindex="30" class="viewAllHeader"> <p class="subcategoryLinkOutput"><span class="menuItemLabel lowerLevelMenuListItem">visit&nbsp;no7 online beauty services</span></p> </a> </li> </ul> </div> </li> <li class="categoryMenuListItem"> <a id="categoryLink_2480179_1611249_2731685" onfocus="addBackgroundColourOnFocus(this)" onblur="removeBackgroundColourOnFocus(this)" aria-label="link" href="https://www.boots.com/no7-make-up/no7-stay-perfect" name="Supermenu:No7:No7 makeup:Stay Perfect" title="Stay Perfect" class="menuLink categoryLinkItem anchorDataToggle" role="menuitem" data-toggle="subcategoryMenu" onclick="analyticsJS.headObjectEventGtm(&quot;No7:No7 makeup:Stay Perfect&quot;)" tabindex="29"> <p class="categoryLinkOutput"><span class="menuItemLabel lowerLevelMenuListItem">Stay Perfect</span></p> </a> <span data-icon="5" aria-hidden="true" class="globalNavArrow hide"></span> <div id="subcategoryLink_2480179_1611249_2731685" class="subcategoryMenu" data-parent="departmentMenu_2480179_1611249" style="top:0"> </div> </li> <li class="categoryMenuListItem"> <a id="categoryLink_2480179_1611249_1785681" onfocus="addBackgroundColourOnFocus(this)" onblur="removeBackgroundColourOnFocus(this)" aria-label="link" href="https://www.boots.com/no7-make-up/no7-foundation-range" name="Supermenu:No7:No7 makeup:foundation" title="foundation" class="menuLink categoryLinkItem anchorDataToggle" role="menuitem" data-toggle="subcategoryMenu" onclick="analyticsJS.headObjectEventGtm(&quot;No7:No7 makeup:foundation&quot;)" tabindex="29"> <p class="categoryLinkOutput"><span class="menuItemLabel lowerLevelMenuListItem">foundation</span></p> </a> <span data-icon="5" aria-hidden="true" class="globalNavArrow hide"></span> <div id="subcategoryLink_2480179_1611249_1785681" class="subcategoryMenu" data-parent="departmentMenu_2480179_1611249" style="top:0"> </div> </li> <li class="categoryMenuListItem"> <a id="categoryLink_2480179_1611249_2555179" onfocus="addBackgroundColourOnFocus(this)" onblur="removeBackgroundColourOnFocus(this)" aria-label="link" href="https://www.boots.com/no7-make-up/fed-findertool" name="Supermenu:No7:No7 makeup:foundation analysis" title="foundation analysis" class="menuLink categoryLinkItem anchorDataToggle" role="menuitem" data-toggle="subcategoryMenu" onclick="analyticsJS.headObjectEventGtm(&quot;No7:No7 makeup:foundation analysis&quot;)" tabindex="29"> <p class="categoryLinkOutput"><span class="menuItemLabel lowerLevelMenuListItem">foundation analysis</span></p> </a> <span data-icon="5" aria-hidden="true" class="globalNavArrow hide"></span> <div id="subcategoryLink_2480179_1611249_2555179" class="subcategoryMenu" data-parent="departmentMenu_2480179_1611249" style="top:0"> </div> </li> <li class="categoryMenuListItem"> <a id="categoryLink_2480179_1611249_1611251" onfocus="addBackgroundColourOnFocus(this)" onblur="removeBackgroundColourOnFocus(this)" aria-label="link" href="https://www.boots.com/no7-make-up/no7-make-up-face" name="Supermenu:No7:No7 makeup:face" title="face" class="menuLink categoryLinkItem anchorDataToggle" role="menuitem" data-toggle="subcategoryMenu" onclick="analyticsJS.headObjectEventGtm(&quot;No7:No7 makeup:face&quot;)" tabindex="29"> <p class="categoryLinkOutput"><span class="menuItemLabel lowerLevelMenuListItem">face</span></p> </a> <span data-icon="5" aria-hidden="true" class="globalNavArrow hide"></span> <div id="subcategoryLink_2480179_1611249_1611251" class="subcategoryMenu" data-parent="departmentMenu_2480179_1611249" style="top:0"> </div> </li> <li class="categoryMenuListItem"> <a id="categoryLink_2480179_1611249_1611252" onfocus="addBackgroundColourOnFocus(this)" onblur="removeBackgroundColourOnFocus(this)" aria-label="link" href="https://www.boots.com/no7-make-up/no7-make-up-eyes" name="Supermenu:No7:No7 makeup:eyes" title="eyes" class="menuLink categoryLinkItem anchorDataToggle" role="menuitem" data-toggle="subcategoryMenu" onclick="analyticsJS.headObjectEventGtm(&quot;No7:No7 makeup:eyes&quot;)" tabindex="29"> <p class="categoryLinkOutput"><span class="menuItemLabel lowerLevelMenuListItem">eyes</span></p> </a> <span data-icon="5" aria-hidden="true" class="globalNavArrow hide"></span> <div id="subcategoryLink_2480179_1611249_1611252" class="subcategoryMenu" data-parent="departmentMenu_2480179_1611249" style="top:0"> </div> </li> <li class="categoryMenuListItem"> <a id="categoryLink_2480179_1611249_1611253" onfocus="addBackgroundColourOnFocus(this)" onblur="removeBackgroundColourOnFocus(this)" aria-label="link" href="https://www.boots.com/no7-make-up/no7-make-up-lips" name="Supermenu:No7:No7 makeup:lips" title="lips" class="menuLink categoryLinkItem anchorDataToggle" role="menuitem" data-toggle="subcategoryMenu" onclick="analyticsJS.headObjectEventGtm(&quot;No7:No7 makeup:lips&quot;)" tabindex="29"> <p class="categoryLinkOutput"><span class="menuItemLabel lowerLevelMenuListItem">lips</span></p> </a> <span data-icon="5" aria-hidden="true" class="globalNavArrow hide"></span> <div id="subcategoryLink_2480179_1611249_1611253" class="subcategoryMenu" data-parent="departmentMenu_2480179_1611249" style="top:0"> </div> </li> <li class="categoryMenuListItem"> <a id="categoryLink_2480179_1611249_1611254" onfocus="addBackgroundColourOnFocus(this)" onblur="removeBackgroundColourOnFocus(this)" aria-label="link" href="https://www.boots.com/no7-make-up/no7-make-up-nails" name="Supermenu:No7:No7 makeup:nails" title="nails" class="menuLink categoryLinkItem anchorDataToggle" role="menuitem" data-toggle="subcategoryMenu" onclick="analyticsJS.headObjectEventGtm(&quot;No7:No7 makeup:nails&quot;)" tabindex="29"> <p class="categoryLinkOutput"><span class="menuItemLabel lowerLevelMenuListItem">nails</span></p> </a> <span data-icon="5" aria-hidden="true" class="globalNavArrow hide"></span> <div id="subcategoryLink_2480179_1611249_1611254" class="subcategoryMenu" data-parent="departmentMenu_2480179_1611249" style="top:0"> </div> </li> <li class="categoryMenuListItem"> <a id="categoryLink_2480179_1611249_1884681" onfocus="addBackgroundColourOnFocus(this)" onblur="removeBackgroundColourOnFocus(this)" aria-label="link" href="https://www.boots.com/no7-make-up/no7-mascaras" name="Supermenu:No7:No7 makeup:mascaras" title="mascaras" class="menuLink categoryLinkItem anchorDataToggle" role="menuitem" data-toggle="subcategoryMenu" onclick="analyticsJS.headObjectEventGtm(&quot;No7:No7 makeup:mascaras&quot;)" tabindex="29"> <p class="categoryLinkOutput"><span class="menuItemLabel lowerLevelMenuListItem">mascaras</span></p> </a> <span data-icon="5" aria-hidden="true" class="globalNavArrow hide"></span> <div id="subcategoryLink_2480179_1611249_1884681" class="subcategoryMenu" data-parent="departmentMenu_2480179_1611249" style="top:0"> </div> </li> <li class="categoryMenuListItem"> <a id="categoryLink_2480179_1611249_1694144" onfocus="addBackgroundColourOnFocus(this)" onblur="removeBackgroundColourOnFocus(this)" aria-label="link" href="https://www.boots.com/no7-make-up/no7-make-up-brows" name="Supermenu:No7:No7 makeup:brows" title="brows" class="menuLink categoryLinkItem anchorDataToggle" role="menuitem" data-toggle="subcategoryMenu" onclick="analyticsJS.headObjectEventGtm(&quot;No7:No7 makeup:brows&quot;)" tabindex="29"> <p class="categoryLinkOutput"><span class="menuItemLabel lowerLevelMenuListItem">brows</span></p> </a> <span data-icon="5" aria-hidden="true" class="globalNavArrow hide"></span> <div id="subcategoryLink_2480179_1611249_1694144" class="subcategoryMenu" data-parent="departmentMenu_2480179_1611249" style="top:0"> </div> </li> </ul> </div> </li> <li class="departmentMenuListItem"> <a id="departmentLink_1767679" onfocus="addBackgroundColourOnFocus(this)" onblur="removeBackgroundColourOnFocus(this)" name="Supermenu:No7:No7 bestsellers" title="No7 bestsellers" href="https://www.boots.com/no7-bestsellers" class="6 link menuLink departmentLinkItem anchorDataToggle" data-toggle="departmentList" onclick="analyticsJS.headObjectEventGtm(&quot;No7:No7 bestsellers&quot;)" role="menuitem" tabindex="28" aria-label="link"> <p class="departmentLinkOutput"><span class="menuItemLabel lowerLevelMenuListItem">No7 bestsellers</span></p> </a> <span data-icon="5" aria-hidden="true" class="globalNavArrow hide" id="departmenrGlobalNavArrow"></span> <div id="departmentMenu_2480179_1767679" class="departmentMenu departmentList" data-parent="departmentMenu" data-id="1767679" aria-label="No7 bestsellers" style="top:65px" data-espot-show="ESpot_no7-bestsellers"> </div> </li> <li class="departmentMenuListItem"> <a id="departmentLink_1943695" onfocus="addBackgroundColourOnFocus(this)" onblur="removeBackgroundColourOnFocus(this)" name="Supermenu:No7:No7 bundles" title="No7 bundles" href="https://www.boots.com/no7-online-only" class="7 link menuLink departmentLinkItem anchorDataToggle" data-toggle="departmentList" onclick="analyticsJS.headObjectEventGtm(&quot;No7:No7 bundles&quot;)" role="menuitem" tabindex="28" aria-label="link"> <p class="departmentLinkOutput"><span class="menuItemLabel lowerLevelMenuListItem">No7 bundles</span></p> </a> <span data-icon="5" aria-hidden="true" class="globalNavArrow hide" id="departmenrGlobalNavArrow"></span> <div id="departmentMenu_2480179_1943695" class="departmentMenu departmentList" data-parent="departmentMenu" data-id="1943695" aria-label="No7 bundles" style="top:65px" data-espot-show="ESpot_no7-online-only"> </div> </li> <li class="departmentMenuListItem"> <a id="departmentLink_1767680" onfocus="addBackgroundColourOnFocus(this)" onblur="removeBackgroundColourOnFocus(this)" name="Supermenu:No7:No7 new in" title="No7 new in" href="https://www.boots.com/no7-new" class="8 link menuLink departmentLinkItem anchorDataToggle" data-toggle="departmentList" onclick="analyticsJS.headObjectEventGtm(&quot;No7:No7 new in&quot;)" role="menuitem" tabindex="28" aria-label="link"> <p class="departmentLinkOutput"><span class="menuItemLabel lowerLevelMenuListItem">No7 new in</span></p> </a> <span data-icon="5" aria-hidden="true" class="globalNavArrow hide" id="departmenrGlobalNavArrow"></span> <div id="departmentMenu_2480179_1767680" class="departmentMenu departmentList" data-parent="departmentMenu" data-id="1767680" aria-label="No7 new in" style="top:65px" data-espot-show="ESpot_no7-new"> </div> </li> <li class="departmentMenuListItem"> <a id="departmentLink_1611240" onfocus="addBackgroundColourOnFocus(this)" onblur="removeBackgroundColourOnFocus(this)" name="Supermenu:No7:No7 mens" title="No7 mens" href="javascript:;" class="9 link menuLink departmentLinkItem anchorDataToggle" data-toggle="departmentMenu_2480179_1611240" role="menuitem" tabindex="28" aria-label="link, collapsed content"> <p class="departmentLinkOutput"><span class="menuItemLabel lowerLevelMenuListItem">No7 mens</span></p> </a> <span data-icon="5" aria-hidden="true" class="globalNavArrow" id="departmenrGlobalNavArrow"></span> <div id="departmentMenu_2480179_1611240" class="departmentMenu departmentList" role="menu" data-parent="departmentMenu" data-id="1611240" aria-label="No7 mens" style="top:65px" data-espot-show="ESpot_no7-mens"> <ul id="catergoryList" class="categoryList" data-parent="departmentMenu" data-toggle="departmentMenu_2480179_1611240" style="top:-65px"> <li class="mobileNavBackButtons" onclick="toggle(document.getElementById(&quot;departmentMenu_2480179_1611240&quot;)),setUpMobileBurgerMenu(this,&quot;catergoryList&quot;)"> <span data-icon="4" aria-hidden="true" class="mobileBackArrow"></span> <a class="mobileBackLink" tabindex="29"> <span class="menuItemLabel lowerLevelMenuListItem">No7 mens</span> </a> </li> <li class="categoryMenuListItem"> <a id="departmentLink_1611240_view_all" onfocus="addBackgroundColourOnFocus(this)" onblur="removeBackgroundColourOnFocus(this)" onclick="analyticsJS.headObjectEventGtm(&quot;No7 : visit No7 mens&quot;)" name="Supermenu:No7:View all No7 mens" href="https://www.boots.com/no7-mens" class="viewAllHeader" role="menuitem" tabindex="29" data-toggle="subcategoryMenu"> <p class="categoryLinkOutput"><span class="menuItemLabel lowerLevelMenuListItem">visit&nbsp;no7 mens</span></p> </a> </li> <li class="categoryMenuListItem"> <a id="categoryLink_2480179_1611240_1880184" onfocus="addBackgroundColourOnFocus(this)" onblur="removeBackgroundColourOnFocus(this)" aria-label="link" href="https://www.boots.com/no7-mens/no7-mens-energising" name="Supermenu:No7:No7 mens:No7 Men's Energising" title="No7 Men's Energising" class="menuLink categoryLinkItem anchorDataToggle" role="menuitem" data-toggle="subcategoryMenu" onclick="analyticsJS.headObjectEventGtm('No7:No7 mens:No7 Men's Energising' );" tabindex="29"> <p class="categoryLinkOutput"><span class="menuItemLabel lowerLevelMenuListItem">No7 Men's Energising</span></p> </a> <span data-icon="5" aria-hidden="true" class="globalNavArrow hide"></span> <div id="subcategoryLink_2480179_1611240_1880184" class="subcategoryMenu" data-parent="departmentMenu_2480179_1611240" style="top:0"> </div> </li> </ul> </div> </li> <li class="departmentMenuListItem"> <a id="departmentLink_1611255" onfocus="addBackgroundColourOnFocus(this)" onblur="removeBackgroundColourOnFocus(this)" name="Supermenu:No7:No7 accessories" title="No7 accessories" href="https://www.boots.com/no7-make-up-accessories" class="10 link menuLink departmentLinkItem anchorDataToggle" data-toggle="departmentList" onclick="analyticsJS.headObjectEventGtm(&quot;No7:No7 accessories&quot;)" role="menuitem" tabindex="28" aria-label="link"> <p class="departmentLinkOutput"><span class="menuItemLabel lowerLevelMenuListItem">No7 accessories</span></p> </a> <span data-icon="5" aria-hidden="true" class="globalNavArrow hide" id="departmenrGlobalNavArrow"></span> <div id="departmentMenu_2480179_1611255" class="departmentMenu departmentList" data-parent="departmentMenu" data-id="1611255" aria-label="No7 accessories" style="top:65px" data-espot-show="ESpot_no7-make-up-accessories"> </div> </li> <li class="departmentMenuListItem"> <a id="departmentLink_1611242" onfocus="addBackgroundColourOnFocus(this)" onblur="removeBackgroundColourOnFocus(this)" name="Supermenu:No7:No7 bath &amp; body" title="No7 bath &amp; body" href="https://www.boots.com/no7-bath-body" class="11 link menuLink departmentLinkItem anchorDataToggle" data-toggle="departmentList" onclick="analyticsJS.headObjectEventGtm(&quot;No7:No7 bath &amp; body&quot;)" role="menuitem" tabindex="28" aria-label="link"> <p class="departmentLinkOutput"><span class="menuItemLabel lowerLevelMenuListItem">No7 bath &amp; body</span></p> </a> <span data-icon="5" aria-hidden="true" class="globalNavArrow hide" id="departmenrGlobalNavArrow"></span> <div id="departmentMenu_2480179_1611242" class="departmentMenu departmentList" data-parent="departmentMenu" data-id="1611242" aria-label="No7 bath &amp; body" style="top:65px" data-espot-show="ESpot_no7-bath-body"> </div> </li> <li class="departmentMenuListItem"> <a id="departmentLink_2143183" onfocus="addBackgroundColourOnFocus(this)" onblur="removeBackgroundColourOnFocus(this)" name="Supermenu:No7:No7 advice" title="No7 advice" href="javascript:;" class="12 link menuLink departmentLinkItem anchorDataToggle" data-toggle="departmentMenu_2480179_2143183" role="menuitem" tabindex="28" aria-label="link, collapsed content"> <p class="departmentLinkOutput"><span class="menuItemLabel lowerLevelMenuListItem">No7 advice</span></p> </a> <span data-icon="5" aria-hidden="true" class="globalNavArrow" id="departmenrGlobalNavArrow"></span> <div id="departmentMenu_2480179_2143183" class="departmentMenu departmentList" role="menu" data-parent="departmentMenu" data-id="2143183" aria-label="No7 advice" style="top:65px" data-espot-show="ESpot_no7-inspiration-and-advice"> <ul id="catergoryList" class="categoryList" data-parent="departmentMenu" data-toggle="departmentMenu_2480179_2143183" style="top:-65px"> <li class="mobileNavBackButtons" onclick="toggle(document.getElementById(&quot;departmentMenu_2480179_2143183&quot;)),setUpMobileBurgerMenu(this,&quot;catergoryList&quot;)"> <span data-icon="4" aria-hidden="true" class="mobileBackArrow"></span> <a class="mobileBackLink" tabindex="29"> <span class="menuItemLabel lowerLevelMenuListItem">No7 advice</span> </a> </li> <li class="categoryMenuListItem"> <a id="departmentLink_2143183_view_all" onfocus="addBackgroundColourOnFocus(this)" onblur="removeBackgroundColourOnFocus(this)" onclick="analyticsJS.headObjectEventGtm(&quot;No7 : visit No7 advice&quot;)" name="Supermenu:No7:View all No7 advice" href="https://www.boots.com/no7-inspiration-and-advice" class="viewAllHeader" role="menuitem" tabindex="29" data-toggle="subcategoryMenu"> <p class="categoryLinkOutput"><span class="menuItemLabel lowerLevelMenuListItem">visit&nbsp;no7 advice</span></p> </a> </li> <li class="categoryMenuListItem"> <a id="categoryLink_2480179_2143183_2583183" onfocus="addBackgroundColourOnFocus(this)" onblur="removeBackgroundColourOnFocus(this)" aria-label="link" href="https://www.boots.com/no7-inspiration-and-advice/no7unstoppabletogether" name="Supermenu:No7:No7 advice:our mission" title="our mission" class="menuLink categoryLinkItem anchorDataToggle" role="menuitem" data-toggle="subcategoryMenu" onclick="analyticsJS.headObjectEventGtm(&quot;No7:No7 advice:our mission&quot;)" tabindex="29"> <p class="categoryLinkOutput"><span class="menuItemLabel lowerLevelMenuListItem">our mission</span></p> </a> <span data-icon="5" aria-hidden="true" class="globalNavArrow hide"></span> <div id="subcategoryLink_2480179_2143183_2583183" class="subcategoryMenu" data-parent="departmentMenu_2480179_2143183" style="top:0"> </div> </li> <li class="categoryMenuListItem"> <a id="categoryLink_2480179_2143183_2143185" onfocus="addBackgroundColourOnFocus(this)" onblur="removeBackgroundColourOnFocus(this)" aria-label="link" href="javascript:;" name="Supermenu:No7:No7 advice:find your perfect no7 skincare regime" title="find your perfect no7 skincare regime" class="menuLink categoryLinkItem anchorDataToggle" role="menuitem" data-toggle="subcategoryLink_2480179_2143183_2143185" tabindex="29"> <p class="categoryLinkOutput"><span class="menuItemLabel lowerLevelMenuListItem">find your perfect no7 skincare regime</span></p> </a> <span data-icon="5" aria-hidden="true" class="globalNavArrow"></span> <div id="subcategoryLink_2480179_2143183_2143185" class="subcategoryMenu" role="menu" data-parent="departmentMenu_2480179_2143183" style="top:0"> <ul id="subcategoryList" class="subcategoryList"> <li class="mobileNavBackButtons" onclick="toggle(document.getElementById(&quot;subcategoryLink_2480179_2143183_2143185&quot;)),setUpMobileBurgerMenu(this,&quot;subcategoryLink_2480179_2143183_2143185&quot;)"> <span data-icon="4" aria-hidden="true" class="mobileBackArrow"></span> <a class="mobileBackLink" tabindex="30"> <span class="menuItemLabel lowerLevelMenuListItem">find your perfect no7 skincare regime</span> </a> </li> <li> <a id="categoryLink_2480179_2143183_2143185" name="Supermenu:No7:No7 advice:View all find your perfect no7 skincare regime" onfocus="addBackgroundColourOnFocus(this)" onclick="analyticsJS.headObjectEventGtm(&quot;No7 : No7 advice : visit find your perfect no7 skincare regime&quot;)" onblur="removeBackgroundColourOnFocus(this)" href="https://www.boots.com/no7-inspiration-and-advice/discover-your-perfect-no7-regime" tabindex="30" class="viewAllHeader"> <p class="subcategoryLinkOutput"><span class="menuItemLabel lowerLevelMenuListItem">visit&nbsp;find your perfect no7 skincare regime</span></p> </a> </li> </ul> </div> </li> <li class="categoryMenuListItem"> <a id="categoryLink_2480179_2143183_2233698" onfocus="addBackgroundColourOnFocus(this)" onblur="removeBackgroundColourOnFocus(this)" aria-label="link" href="https://www.boots.com/no7-inspiration-and-advice/when-skincare-meets-makeup-discover-your-perfect-no7-foundation" name="Supermenu:No7:No7 advice:no7 foundation analysis" title="no7 foundation analysis" class="menuLink categoryLinkItem anchorDataToggle" role="menuitem" data-toggle="subcategoryMenu" onclick="analyticsJS.headObjectEventGtm(&quot;No7:No7 advice:no7 foundation analysis&quot;)" tabindex="29"> <p class="categoryLinkOutput"><span class="menuItemLabel lowerLevelMenuListItem">no7 foundation analysis</span></p> </a> <span data-icon="5" aria-hidden="true" class="globalNavArrow hide"></span> <div id="subcategoryLink_2480179_2143183_2233698" class="subcategoryMenu" data-parent="departmentMenu_2480179_2143183" style="top:0"> </div> </li> <li class="categoryMenuListItem"> <a id="categoryLink_2480179_2143183_2318194" onfocus="addBackgroundColourOnFocus(this)" onblur="removeBackgroundColourOnFocus(this)" aria-label="link" href="https://www.boots.com/no7-inspiration-and-advice/find-your-perfect-no7-serum" name="Supermenu:No7:No7 advice:find your perfect No7 serum" title="find your perfect No7 serum" class="menuLink categoryLinkItem anchorDataToggle" role="menuitem" data-toggle="subcategoryMenu" onclick="analyticsJS.headObjectEventGtm(&quot;No7:No7 advice:find your perfect No7 serum&quot;)" tabindex="29"> <p class="categoryLinkOutput"><span class="menuItemLabel lowerLevelMenuListItem">find your perfect No7 serum</span></p> </a> <span data-icon="5" aria-hidden="true" class="globalNavArrow hide"></span> <div id="subcategoryLink_2480179_2143183_2318194" class="subcategoryMenu" data-parent="departmentMenu_2480179_2143183" style="top:0"> </div> </li> <li class="categoryMenuListItem"> <a id="categoryLink_2480179_2143183_2400686" onfocus="addBackgroundColourOnFocus(this)" onblur="removeBackgroundColourOnFocus(this)" aria-label="link" href="javascript:;" name="Supermenu:No7:No7 advice:discover No7 Advanced Retinol" title="discover No7 Advanced Retinol" class="menuLink categoryLinkItem anchorDataToggle" role="menuitem" data-toggle="subcategoryLink_2480179_2143183_2400686" tabindex="29"> <p class="categoryLinkOutput"><span class="menuItemLabel lowerLevelMenuListItem">discover No7 Advanced Retinol</span></p> </a> <span data-icon="5" aria-hidden="true" class="globalNavArrow"></span> <div id="subcategoryLink_2480179_2143183_2400686" class="subcategoryMenu" role="menu" data-parent="departmentMenu_2480179_2143183" style="top:0"> <ul id="subcategoryList" class="subcategoryList"> <li class="mobileNavBackButtons" onclick="toggle(document.getElementById(&quot;subcategoryLink_2480179_2143183_2400686&quot;)),setUpMobileBurgerMenu(this,&quot;subcategoryLink_2480179_2143183_2400686&quot;)"> <span data-icon="4" aria-hidden="true" class="mobileBackArrow"></span> <a class="mobileBackLink" tabindex="30"> <span class="menuItemLabel lowerLevelMenuListItem">discover No7 Advanced Retinol</span> </a> </li> <li> <a id="categoryLink_2480179_2143183_2400686" name="Supermenu:No7:No7 advice:View all discover No7 Advanced Retinol" onfocus="addBackgroundColourOnFocus(this)" onclick="analyticsJS.headObjectEventGtm(&quot;No7 : No7 advice : visit discover No7 Advanced Retinol&quot;)" onblur="removeBackgroundColourOnFocus(this)" href="https://www.boots.com/no7-inspiration-and-advice/discover-no7-retinol" tabindex="30" class="viewAllHeader"> <p class="subcategoryLinkOutput"><span class="menuItemLabel lowerLevelMenuListItem">visit&nbsp;discover no7 advanced retinol</span></p> </a> </li> </ul> </div> </li> <li class="categoryMenuListItem"> <a id="categoryLink_2480179_2143183_2121182" onfocus="addBackgroundColourOnFocus(this)" onblur="removeBackgroundColourOnFocus(this)" aria-label="link" href="https://www.boots.com/no7-inspiration-and-advice/no7-waiting-list" name="Supermenu:No7:No7 advice:no7 waiting list" title="no7 waiting list" class="menuLink categoryLinkItem anchorDataToggle" role="menuitem" data-toggle="subcategoryMenu" onclick="analyticsJS.headObjectEventGtm(&quot;No7:No7 advice:no7 waiting list&quot;)" tabindex="29"> <p class="categoryLinkOutput"><span class="menuItemLabel lowerLevelMenuListItem">no7 waiting list</span></p> </a> <span data-icon="5" aria-hidden="true" class="globalNavArrow hide"></span> <div id="subcategoryLink_2480179_2143183_2121182" class="subcategoryMenu" data-parent="departmentMenu_2480179_2143183" style="top:0"> </div> </li> <li class="categoryMenuListItem"> <a id="categoryLink_2480179_2143183_2143184" onfocus="addBackgroundColourOnFocus(this)" onblur="removeBackgroundColourOnFocus(this)" aria-label="link" href="https://www.boots.com/no7-inspiration-and-advice/no7-laboratories-explained" name="Supermenu:No7:No7 advice:discover no7 laboratories" title="discover no7 laboratories" class="menuLink categoryLinkItem anchorDataToggle" role="menuitem" data-toggle="subcategoryMenu" onclick="analyticsJS.headObjectEventGtm(&quot;No7:No7 advice:discover no7 laboratories&quot;)" tabindex="29"> <p class="categoryLinkOutput"><span class="menuItemLabel lowerLevelMenuListItem">discover no7 laboratories</span></p> </a> <span data-icon="5" aria-hidden="true" class="globalNavArrow hide"></span> <div id="subcategoryLink_2480179_2143183_2143184" class="subcategoryMenu" data-parent="departmentMenu_2480179_2143183" style="top:0"> </div> </li> <li class="categoryMenuListItem"> <a id="categoryLink_2480179_2143183_1926683" onfocus="addBackgroundColourOnFocus(this)" onblur="removeBackgroundColourOnFocus(this)" aria-label="link" href="https://www.boots.com/no7-inspiration-and-advice/discover-no7-line-correcting-booster-serum" name="Supermenu:No7:No7 advice:discover no7 line correcting booster serum" title="discover no7 line correcting booster serum" class="menuLink categoryLinkItem anchorDataToggle" role="menuitem" data-toggle="subcategoryMenu" onclick="analyticsJS.headObjectEventGtm(&quot;No7:No7 advice:discover no7 line correcting booster serum&quot;)" tabindex="29"> <p class="categoryLinkOutput"><span class="menuItemLabel lowerLevelMenuListItem">discover no7 line correcting booster serum</span></p> </a> <span data-icon="5" aria-hidden="true" class="globalNavArrow hide"></span> <div id="subcategoryLink_2480179_2143183_1926683" class="subcategoryMenu" data-parent="departmentMenu_2480179_2143183" style="top:0"> </div> </li> <li class="categoryMenuListItem"> <a id="categoryLink_2480179_2143183_2575680" onfocus="addBackgroundColourOnFocus(this)" onblur="removeBackgroundColourOnFocus(this)" aria-label="link" href="https://www.boots.com/no7-inspiration-and-advice/no7-advanced-ingredients-capsules-" name="Supermenu:No7:No7 advice:discover no7 advanced ingredients capsules" title="discover no7 advanced ingredients capsules" class="menuLink categoryLinkItem anchorDataToggle" role="menuitem" data-toggle="subcategoryMenu" onclick="analyticsJS.headObjectEventGtm(&quot;No7:No7 advice:discover no7 advanced ingredients capsules&quot;)" tabindex="29"> <p class="categoryLinkOutput"><span class="menuItemLabel lowerLevelMenuListItem">discover no7 advanced ingredients capsules</span></p> </a> <span data-icon="5" aria-hidden="true" class="globalNavArrow hide"></span> <div id="subcategoryLink_2480179_2143183_2575680" class="subcategoryMenu" data-parent="departmentMenu_2480179_2143183" style="top:0"> </div> </li> <li class="categoryMenuListItem"> <a id="categoryLink_2480179_2143183_2412692" onfocus="addBackgroundColourOnFocus(this)" onblur="removeBackgroundColourOnFocus(this)" aria-label="link" href="javascript:;" name="Supermenu:No7:No7 advice:no7 beauty how to videos" title="no7 beauty how to videos" class="menuLink categoryLinkItem anchorDataToggle" role="menuitem" data-toggle="subcategoryLink_2480179_2143183_2412692" tabindex="29"> <p class="categoryLinkOutput"><span class="menuItemLabel lowerLevelMenuListItem">no7 beauty how to videos</span></p> </a> <span data-icon="5" aria-hidden="true" class="globalNavArrow"></span> <div id="subcategoryLink_2480179_2143183_2412692" class="subcategoryMenu" role="menu" data-parent="departmentMenu_2480179_2143183" style="top:0"> <ul id="subcategoryList" class="subcategoryList"> <li class="mobileNavBackButtons" onclick="toggle(document.getElementById(&quot;subcategoryLink_2480179_2143183_2412692&quot;)),setUpMobileBurgerMenu(this,&quot;subcategoryLink_2480179_2143183_2412692&quot;)"> <span data-icon="4" aria-hidden="true" class="mobileBackArrow"></span> <a class="mobileBackLink" tabindex="30"> <span class="menuItemLabel lowerLevelMenuListItem">no7 beauty how to videos</span> </a> </li> <li> <a id="categoryLink_2480179_2143183_2412692" name="Supermenu:No7:No7 advice:View all no7 beauty how to videos" onfocus="addBackgroundColourOnFocus(this)" onclick="analyticsJS.headObjectEventGtm(&quot;No7 : No7 advice : visit no7 beauty how to videos&quot;)" onblur="removeBackgroundColourOnFocus(this)" href="https://www.boots.com/no7-inspiration-and-advice/no7-beauty-how-to" tabindex="30" class="viewAllHeader"> <p class="subcategoryLinkOutput"><span class="menuItemLabel lowerLevelMenuListItem">visit&nbsp;no7 beauty how to videos</span></p> </a> </li> </ul> </div> </li> <li class="categoryMenuListItem"> <a id="categoryLink_2480179_2143183_2325690" onfocus="addBackgroundColourOnFocus(this)" onblur="removeBackgroundColourOnFocus(this)" aria-label="link" href="javascript:;" name="Supermenu:No7:No7 advice:no7 x Macmillan" title="no7 x Macmillan" class="menuLink categoryLinkItem anchorDataToggle" role="menuitem" data-toggle="subcategoryLink_2480179_2143183_2325690" tabindex="29"> <p class="categoryLinkOutput"><span class="menuItemLabel lowerLevelMenuListItem">no7 x Macmillan</span></p> </a> <span data-icon="5" aria-hidden="true" class="globalNavArrow"></span> <div id="subcategoryLink_2480179_2143183_2325690" class="subcategoryMenu" role="menu" data-parent="departmentMenu_2480179_2143183" style="top:0"> <ul id="subcategoryList" class="subcategoryList"> <li class="mobileNavBackButtons" onclick="toggle(document.getElementById(&quot;subcategoryLink_2480179_2143183_2325690&quot;)),setUpMobileBurgerMenu(this,&quot;subcategoryLink_2480179_2143183_2325690&quot;)"> <span data-icon="4" aria-hidden="true" class="mobileBackArrow"></span> <a class="mobileBackLink" tabindex="30"> <span class="menuItemLabel lowerLevelMenuListItem">no7 x Macmillan</span> </a> </li> <li> <a id="categoryLink_2480179_2143183_2325690" name="Supermenu:No7:No7 advice:View all no7 x Macmillan" onfocus="addBackgroundColourOnFocus(this)" onclick="analyticsJS.headObjectEventGtm(&quot;No7 : No7 advice : visit no7 x Macmillan&quot;)" onblur="removeBackgroundColourOnFocus(this)" href="https://www.boots.com/no7-inspiration-and-advice/no7-macmillan-partnership" tabindex="30" class="viewAllHeader"> <p class="subcategoryLinkOutput"><span class="menuItemLabel lowerLevelMenuListItem">visit&nbsp;no7 x macmillan</span></p> </a> </li> </ul> </div> </li> <li class="categoryMenuListItem"> <a id="categoryLink_2480179_2143183_1611248" onfocus="addBackgroundColourOnFocus(this)" onblur="removeBackgroundColourOnFocus(this)" aria-label="link" href="javascript:;" name="Supermenu:No7:No7 advice:no7 beauty appointments" title="no7 beauty appointments" class="menuLink categoryLinkItem anchorDataToggle" role="menuitem" data-toggle="subcategoryLink_2480179_2143183_1611248" tabindex="29"> <p class="categoryLinkOutput"><span class="menuItemLabel lowerLevelMenuListItem">no7 beauty appointments</span></p> </a> <span data-icon="5" aria-hidden="true" class="globalNavArrow"></span> <div id="subcategoryLink_2480179_2143183_1611248" class="subcategoryMenu" role="menu" data-parent="departmentMenu_2480179_2143183" style="top:0"> <ul id="subcategoryList" class="subcategoryList"> <li class="mobileNavBackButtons" onclick="toggle(document.getElementById(&quot;subcategoryLink_2480179_2143183_1611248&quot;)),setUpMobileBurgerMenu(this,&quot;subcategoryLink_2480179_2143183_1611248&quot;)"> <span data-icon="4" aria-hidden="true" class="mobileBackArrow"></span> <a class="mobileBackLink" tabindex="30"> <span class="menuItemLabel lowerLevelMenuListItem">no7 beauty appointments</span> </a> </li> <li> <a id="categoryLink_2480179_2143183_1611248" name="Supermenu:No7:No7 advice:View all no7 beauty appointments" onfocus="addBackgroundColourOnFocus(this)" onclick="analyticsJS.headObjectEventGtm(&quot;No7 : No7 advice : visit no7 beauty appointments&quot;)" onblur="removeBackgroundColourOnFocus(this)" href="https://www.boots.com/no7-inspiration-and-advice/no7-book-an-appointment" tabindex="30" class="viewAllHeader"> <p class="subcategoryLinkOutput"><span class="menuItemLabel lowerLevelMenuListItem">visit&nbsp;no7 beauty appointments</span></p> </a> </li> </ul> </div> </li> <li class="categoryMenuListItem"> <a id="categoryLink_2480179_2143183_2437180" onfocus="addBackgroundColourOnFocus(this)" onblur="removeBackgroundColourOnFocus(this)" aria-label="link" href="javascript:;" name="Supermenu:No7:No7 advice:no7 personalised skin analysis" title="no7 personalised skin analysis" class="menuLink categoryLinkItem anchorDataToggle" role="menuitem" data-toggle="subcategoryLink_2480179_2143183_2437180" tabindex="29"> <p class="categoryLinkOutput"><span class="menuItemLabel lowerLevelMenuListItem">no7 personalised skin analysis</span></p> </a> <span data-icon="5" aria-hidden="true" class="globalNavArrow"></span> <div id="subcategoryLink_2480179_2143183_2437180" class="subcategoryMenu" role="menu" data-parent="departmentMenu_2480179_2143183" style="top:0"> <ul id="subcategoryList" class="subcategoryList"> <li class="mobileNavBackButtons" onclick="toggle(document.getElementById(&quot;subcategoryLink_2480179_2143183_2437180&quot;)),setUpMobileBurgerMenu(this,&quot;subcategoryLink_2480179_2143183_2437180&quot;)"> <span data-icon="4" aria-hidden="true" class="mobileBackArrow"></span> <a class="mobileBackLink" tabindex="30"> <span class="menuItemLabel lowerLevelMenuListItem">no7 personalised skin analysis</span> </a> </li> <li> <a id="categoryLink_2480179_2143183_2437180" name="Supermenu:No7:No7 advice:View all no7 personalised skin analysis" onfocus="addBackgroundColourOnFocus(this)" onclick="analyticsJS.headObjectEventGtm(&quot;No7 : No7 advice : visit no7 personalised skin analysis&quot;)" onblur="removeBackgroundColourOnFocus(this)" href="https://www.boots.com/no7-inspiration-and-advice/no7-personalised-skin" tabindex="30" class="viewAllHeader"> <p class="subcategoryLinkOutput"><span class="menuItemLabel lowerLevelMenuListItem">visit&nbsp;no7 personalised skin analysis</span></p> </a> </li> </ul> </div> </li> </ul> </div> </li> <li class="departmentMenuListItem"> <a id="departmentLink_2075191" onfocus="addBackgroundColourOnFocus(this)" onblur="removeBackgroundColourOnFocus(this)" name="Supermenu:No7:No7 better than half price collections" title="No7 better than half price collections" href="https://www.boots.com/no7-better-than-half-price-collections" class="13 link menuLink departmentLinkItem anchorDataToggle" data-toggle="departmentList" onclick="analyticsJS.headObjectEventGtm(&quot;No7:No7 better than half price collections&quot;)" role="menuitem" tabindex="28" aria-label="link"> <p class="departmentLinkOutput"><span class="menuItemLabel lowerLevelMenuListItem">No7 better than half price collections</span></p> </a> <span data-icon="5" aria-hidden="true" class="globalNavArrow hide" id="departmenrGlobalNavArrow"></span> <div id="departmentMenu_2480179_2075191" class="departmentMenu departmentList" data-parent="departmentMenu" data-id="2075191" aria-label="No7 better than half price collections" style="top:65px" data-espot-show="ESpot_no7-better-than-half-price-collections"> </div> </li> </ul> </div> </li>  </ul> <div class="clearfix"></div> </div> <div id="search_container">  <input type="hidden" value="" name="SearchAutoSuggestServletURL" id="SearchAutoSuggestServletURL" autocomplete="off" style=""> <input type="hidden" value="" name="CachedSuggestionsURL" id="CachedSuggestionsURL" autocomplete="off" style="">  <input type="hidden" value="https://www.boots.com/search/" name="seoSearchURL" id="seoSearchURL" autocomplete="off" style=""> <input id="viewPortHeight" name="viewPortHeight" type="hidden" value="800" autocomplete="off" style=""> <a id="searchButton" href="#" role="button" data-toggle="searchBar" aria-label="Search" title="Search"><span id="searchButton_ACCE_Label" class="spanacce">Search</span></a> <script>algoliaConfig={appID:"89JDFPR8F6",APIKey:"39ae8989d71b15b23524d9408047414f",productIndex:"prod_live_products_uk",chanelIndex:"ChanelKeywords_UK",suggestionIndex:"prod_live_products_uk_QS",currency:"£",suggest_nbProductsToDisplay:"4",suggest_nbKeywordsToDisplay:"8",LSP_nbProductsToDisplay:"96",searchPageURL:"/sitesearch",defaultFilter:"NOT brand:Chanel AND NOT liveFlag:false AND NOT currentPrice:0",chanelFilter:"brand:Chanel AND NOT liveFlag:false",QS_attribute:"categories.lvl0",ratingMinScore:"3",autocompletePlaceHolder:"Search products, brands and services...",keywordsTitle:"Suggested keywords",productsTitle:"Matching products",noresult_title:"Sorry we couldn't find any result matching",noresult_text:'Try searching again, we\'re sure you\'ll find something you\'ll love!<ul><li>Check your spelling</li><li>Try searching using a similar word</li><li>Browse over <a href=\\"/brands\\">1000 brands</a></li><li>Search our <a href=\\"javascript:void(0);\\" class=\\"synthetix_link\\" id=\\"storeHelpQuickLink\\" title=\\"Help\\" onclick=\\"synthetixIframeFocus();\\" tabindex=\\"4\\">help section</a></li></ul>',noresult_category1_name:"Toiletries",noresult_category1_url:"https://www.boots.com/toiletries",noresult_category1_image:"https://boots.scene7.com/is/image/Boots/6-toiletries",noresult_category2_name:"Fragrance",noresult_category2_url:"https://www.boots.com/fragrance",noresult_category2_image:"https://boots.scene7.com/is/image/Boots/4-fragrance",noresult_category3_name:"Beauty & Skincare",noresult_category3_url:"https://www.boots.com/beauty",noresult_category3_image:"https://boots.scene7.com/is/image/Boots/3-beauty",noresult_category4_name:"Health & Pharmacy",noresult_category4_url:"https://www.boots.com/health-pharmacy",noresult_category4_image:"https://boots.scene7.com/is/image/Boots/1-health",country:"UK",LSP_nbProductsToDisplayMobile:"48",siteRoot:"https://www.boots.com",businessChannel:"-1",quickBuySwitch:"ON",contentIDs:["advanced_search_banner","advanced_search_advert_banner"],noresult_text:'Try searching again, we\'re sure you\'ll find something you\'ll love!<ul><li>Check your spelling</li><li>Try searching using a similar word</li><li>Browse over <a href="/brands">1000 brands</a></li><li>Search our <a href="javascript:void(0);" class="synthetix_link" id="storeHelpQuickLink" title="Help" onclick="synthetixIframeFocus();" tabindex="4">help section</a></li></ul>',noresult_title:"Sorry we couldn't find any result matching "},getCountry=function(){return algoliaConfig.country},getProductIndex=function(){return algoliaConfig.productIndex},getSuggestionIndex=function(){return algoliaConfig.suggestionIndex},getChanelIndex=function(){return algoliaConfig.chanelIndex},getCurrencySymbol=function(){return algoliaConfig.currency},getQuery=function(){return document.getElementById("AlgoliaSearchInput").value?document.getElementById("AlgoliaSearchInput").value:WCParamJS.searchTerm}</script>  <a id="searchButton" href="#" role="button" data-toggle="searchBar" aria-label="Search" title="Search" class="selected"><span id="searchButton_ACCE_Label" class="spanacce">Search</span></a> <div id="searchBar" data-parent="header"> <div id="searchBarInput" class="searchBasket"> <form id="searchBox" name="CatalogSearchFormAlgolia" action="/sitesearch" novalidate=""> <div id="searchTermWrapper"> <label id="searchFormLabel" for="AlgoliaSearchInput">Search</label> <input id="AlgoliaSearchInput" value="" name="searchTerm" type="text" class="search-box" maxlength="256" title="Search Boots" autocomplete="off" tabindex="6" required="" placeholder="Search products, brands and services..." style=""> </div> <a id="algolia-search-button" class="submitButton" role="button" aria-label="Search" title="Search" onclick="submitAlgoliaSearch()"> <span id="submitButton_ACCE_Label" class="spanacce">Search</span> </a> <div class="algolia-search-container closed"> <div class="algolia-ac-col keywords" id="algolia-ac-col-keywords"> <p id="algolia-ac-title-keywords" class="algolia-ac-title">Suggested keywords</p> <ul class="algolia-ac-keywords"></ul> </div> <div class="algolia-ac-col results" id="algolia-ac-col-products"> <div class="algolia-ac-results-col products"> <p id="algolia-ac-title-products" class="algolia-ac-title">Matching products</p> <div id="algolia-ac-products"></div> </div> <a class="algolia-ac-link" href="#">View all products (<span class="algolia-ac-number">0</span>) </a> </div> </div> </form> </div> </div> <script type="text/javascript">var encodedPromotionalText="",PADealDesc="with Advantage Card",PAFacetName="Price Advantage",isPAEnabled="true",storeCurrency="",ukStoreId="11352",roiStoreId="11353",storeId="11352",userDataObj=getCookieForAlgolia("DataLayerUserObject"),userDataObjArr=userDataObj.split("|"),isAdvCardUser=userDataObjArr[4];function submitAlgoliaSearch(){var e=document.getElementById("AlgoliaSearchInput"),o=e.value.replace(/'|"/g,""),a=window.location.protocol+"//"+window.location.host+algoliaConfig.searchPageURL+"?searchTerm="+encodeURIComponent(e.value);e.value&&""!=o&&(window.location.href=a)}function priceAdvantagePromoFacetDisplay(){setTimeout(function(){if("true"==isPAEnabled){for(var e=document.getElementsByClassName("ais-RefinementList-labelText"),o=0;o<e.length;o++)e[o].innerText.toLowerCase().includes(PADealDesc.toLowerCase())&&(e[o].innerText=e[o].innerText.toLowerCase().replace(PADealDesc.toLowerCase(),PAFacetName));for(e=document.getElementsByClassName("ais-CurrentRefinements-categoryLabel"),o=0;o<e.length;o++)e[o].innerText.toLowerCase().includes(PADealDesc.toLowerCase())&&(e[o].innerText=e[o].innerText.toLowerCase().replace(PADealDesc.toLowerCase(),PAFacetName));for(var a,e=document.getElementsByClassName("ais-RefinementList-item"),o=0;o<e.length;o++)e[o].innerHTML.toLowerCase().includes(PADealDesc.toLowerCase())&&(a=document.getElementById("promotionRefinementList").getElementsByClassName("ais-RefinementList-list")[0]).insertBefore(e[o],a.childNodes[0])}},100)}function getCookieForAlgolia(e){var a=e+"=",t=decodeURIComponent(document.cookie).split(";");for(let o=0;o<t.length;o++){let e=t[o];for(;" "==e.charAt(0);)e=e.substring(1);if(0==e.indexOf(a))return e.substring(a.length,e.length)}return""}storeCurrency=WCParamJS.storeId==ukStoreId?"&#163;":"&#8364;",algoliaConfig.isPAEnabled=isPAEnabled,algoliaConfig.PADealDesc=PADealDesc,algoliaConfig.PAFacetName=PAFacetName,algoliaConfig.storeCurrency=storeCurrency,algoliaConfig.isAdvCardUser=isAdvCardUser,algoliaConfig.PAPromoId="Digital offer roundel",algoliaConfig.PAPromoType="Price advantage",algoliaConfig.PAPromoName="btc-4",algoliaConfig.storeId=storeId,algoliaConfig.ukStoreId=ukStoreId,algoliaConfig.roiStoreId=roiStoreId</script>  </div> </div> </div>  </div><div id="oct-notification-sticky"><div id="oct-notification-container"><div class="oct-template--header oct-template--header--boots-v1"><div data-testid="basket-notification-element"><div tabindex="-1" class="oct-notification"><div class="oct-notification__header"><svg width="20px" height="20px" viewBox="0 0 20 20" version="1.1" xmlns="http://www.w3.org/2000/svg" xmlns:xlink="http://www.w3.org/1999/xlink" class="oct-icon oct-notification__header__icon" aria-hidden="true" aria-label="" style="height: 20px; width: 20px; fill: rgb(5, 5, 75);"><title>Core UI/2. Atoms/Icons/24px/Navigation &amp; Action/OK</title><g id="Add-to-Basket-Notification" stroke="none" stroke-width="1" fill="none" fill-rule="evenodd"><g id="WIP-/-Mini-Basket-/-Desktop" transform="translate(-17.000000, -17.000000)" fill="#05054B"><g id="Core-UI/2.-Atoms/Icons/24px/Navigation-&amp;-Action/OK" transform="translate(17.250000, 17.250000)"><path d="M9.75,0 C15.1347763,0 19.5,4.36522369 19.5,9.75 C19.5,15.1347763 15.1347763,19.5 9.75,19.5 C4.36522369,19.5 0,15.1347763 0,9.75 C0,4.36522369 4.36522369,0 9.75,0 Z M9.75,1.5 C5.19365081,1.5 1.5,5.19365081 1.5,9.75 C1.5,14.3063492 5.19365081,18 9.75,18 C14.3063492,18 18,14.3063492 18,9.75 C18,5.19365081 14.3063492,1.5 9.75,1.5 Z M14.0032202,6.21569763 L15.0558758,7.28430237 L8.43775094,13.8036507 L5.22388297,10.640247 L6.27611703,9.57122712 L8.437,11.698 L14.0032202,6.21569763 Z" id="Combined-Shape"></path></g></g></g></svg><h4 class="oct-text oct-text--standard oct-text--size_m oct-notification__header__title" data-testid="text" role="alert">Item added to your basket</h4><button class="oct-iconButton oct-notification__header__btn" aria-label="close basket notification" data-track-element="Close" data-testid="close-basket-notification"><svg width="24" height="24" viewBox="0 0 24 24" xmlns="http://www.w3.org/2000/svg" class="oct-icon" aria-hidden="true" aria-label="" style="height: 24px; width: 24px; fill: rgb(0, 0, 0);"><path d="m20.281 3 .719.719L12.718 12 21 20.281l-.719.719L12 12.718 3.719 21 3 20.281 11.281 12 3 3.719 3.719 3 12 11.281 20.281 3z" fill="#05054B" fill-rule="evenodd"></path></svg></button></div><div class="oct-notification__content"><dl><div class="oct-notification__row oct-notification__row--bold"><dt class="oct-text oct-text--bold oct-text--size_m" data-testid="text">Total (0 items)</dt><dd class="oct-text oct-text--bold oct-text--size_m" data-testid="text"></dd></div><div class="oct-notification__row oct-notification__row--light"><dt class="oct-text oct-text--light oct-text--size_xs" data-testid="text">Excludes delivery</dt><dd class="oct-text oct-text--light oct-text--size_xs" data-testid="text"></dd></div></dl><div class="oct-notification__ctas"><button data-testid="button" class="oct-button oct-button--ellipses oct-button--cta oct-button--cta-default oct-button--cta-default-secondaryTransparent oct-button--cta-default-responsive oct-notification__ctas_left oct-button--cta-midnight-blue-secondary" data-track-element="View basket"><div class="oct-button__content">VIEW BASKET</div></button><a href="" class="oct-link oct-link--theme-text oct-color--boots-blue oct-button oct-button--ellipses oct-button--cta oct-button--cta-default oct-button--cta-default-primaryTransparent oct-button--cta-default-responsive oct-notification__ctas_right oct-button--cta-midnight-blue-primary" data-testid="checkout-button" data-track-element="Checkout now"><div class="oct-button__content">CHECKOUT NOW</div></a></div></div></div></div></div></div></div>  <script type="text/javascript" charset="UTF-8" src="https://www.boots.com/wcsstore/dojo18/dojo/dojo.js" djconfig="parseOnLoad: true, isDebug: false,  modulePaths: {storetext: '/wcsstore/eBootsStorefrontAssetStore/'}, useCommentedJson: true,locale: 'en-us' "></script> <script type="text/javascript" charset="UTF-8" src="https://www.boots.com/wcsstore/dojo18/dojo/dojodesktop-rwd.js" djconfig="parseOnLoad: true, isDebug: false,  modulePaths: {storetext: '/wcsstore/eBootsStorefrontAssetStore/'}, useCommentedJson: true,locale: 'en-us' "></script> <script type="text/javascript" charset="UTF-8" src="https://www.boots.com/wcsstore/dojo18/wc/render/RefreshController.min.js"></script> <script type="text/javascript" src="https://www.boots.com/wcsstore/eBootsStorefrontAssetStore/javascript/Common/CoremetricsOverrideFunctions.js"></script> <input type="hidden" name="analytics_enabled" id="analytics_enabled" autocomplete="off" style=""> <script type="text/javascript" src="https://www.boots.com/wcsstore/eBootsStorefrontAssetStore/javascript/generated/RetailAnalytics.min.js"></script>  <input type="hidden" id="cepIdealHFFlag" value="false" autocomplete="off" style=""> <input type="hidden" name="gtm_pdp_switch" value="true" id="gtm_pdp_switch" autocomplete="off" style=""> <script>!function(e,t,a,n){e[n]=e[n]||[],e[n].push({"gtm.start":(new Date).getTime(),event:"gtm.js"});e=t.getElementsByTagName(a)[0],n=t.createElement(a);n.async=!0,n.src="//www.googletagmanager.com/gtm.js?id=GTM-W26C7Q2",e.parentNode.insertBefore(n,e)}(window,document,"script","dataLayer")</script> <input type="hidden" value="" id="ctaParentExtField1CategoryName" autocomplete="off" style=""> <input type="hidden" value="" id="ctaParentExtField2CategoryTree" autocomplete="off" style=""> <input type="hidden" value="" id="categoryGTMID" autocomplete="off" style=""> <input type="hidden" value="" id="successMessageVar" autocomplete="off" style=""> <script>dojo.require("wc.service.common"),dojo.require("wc.render.common"),null!=document.getElementById("ctaParentExtField1CategoryName")&&""!==document.getElementById("ctaParentExtField1CategoryName").value?sessionStorage.setItem("ctaExtraField1CategoryName",document.getElementById("ctaParentExtField1CategoryName").value):null!=document.getElementById("categoryGTMID")&&""!==document.getElementById("categoryGTMID").value&&null!=document.getElementById("ctaParentExtField1CategoryName")&&""==document.getElementById("ctaParentExtField1CategoryName").value&&sessionStorage.setItem("ctaExtraField1CategoryName",""),null!=document.getElementById("ctaParentExtField2CategoryTree")&&""!==document.getElementById("ctaParentExtField2CategoryTree").value?sessionStorage.setItem("ctaExtraField2CategoryTree",document.getElementById("ctaParentExtField2CategoryTree").value):null!=document.getElementById("categoryGTMID")&&""!==document.getElementById("categoryGTMID").value&&null!=document.getElementById("ctaParentExtField2CategoryTree")&&""==document.getElementById("ctaParentExtField2CategoryTree").value&&sessionStorage.setItem("ctaExtraField2CategoryTree",""),require(["dojo/cookie"],function(l){var e=null,e=("undefined"!=typeof Storage&&(void 0!==sessionStorage.orginalReference?e=sessionStorage.orginalReference:(e=document.referrer,sessionStorage.orginalReference=document.referrer)),sessionObj={originalReferral:e},l("DataLayerUserObject"));function t(){var e=l("DataLayerUserObject"),t=(null==e&&(e=""),l("UserType"));function a(e){e=document.cookie.split(e);if(2===e.length)return e.pop().split(";").shift()}null==t&&(t=""),console.log("==Cookie already exists.==userTypeObj  "+t);var o,r,g,n=a("OptanonConsent");n&&(n=new URLSearchParams(n.replace(/&/g,"&")).get("groups"))&&(n.split(",").some(e=>{var[e,t]=e.split(":");return"1"===t&&("2"===e||"4"===e)})?0<e.length&&"R"==t?(g=e.split("|"),n=l("DataLayerLoginOption"),null!=(t=a("_bdccookie_coRetURL"))&&(t=t.split("?")[1],o=new URLSearchParams(t).get("successMessage")),null==n&&(console.log("registreValueCookieValue ===="+o),n=null!=o&&"REGISTER_SUCCESS"==o?"Registered":"Guest"),t="",null!=document.getElementById("successMessageVar")&&(t=document.getElementById("successMessageVar").value),null!=n&&("Registered"==n||null!=t&&"REGISTER_SUCCESS"==t)?(o=g[0]+"|"+g[1]+"|"+(r="New")+"|"+g[3]+"|"+g[4]+"|"+g[5]+"|"+g[6]+"|"+g[7]+"|"+g[8],dojo.cookie("DataLayerUserObject",o,{path:"/"})):r=g[2],"Registered"==n?dojo.cookie("DataLayerLoginOption","Registered",{path:"/"}):"Guest"==n&&dojo.cookie("DataLayerLoginOption","Logged in: before checkout",{path:"/"}),userObj={id:g[0],firstName:g[1],type:r,isLoggedIn:g[3],advantageCardFlag:g[4],DOBYear:g[5],gigyaID:g[6],email:g[7],IntegrationID:g[8]},t="",t="true"==g[4]?"Y":"N",userObjLogIn={id:g[0],gigyaID:g[6],type:r,DOBYear:g[5],advantageCardFlag:t,email:g[7],IntegrationID:g[8]}):(r="New",g=e.split("|"),dojo.cookie("DataLayerLoginOption","Guest",{path:"/"}),userObj={id:"",firstName:"",type:r,isLoggedIn:"false",advantageCardFlag:"false",DOBYear:"",gigyaID:"",email:"",IntegrationID:g[8]}):console.log("No consent is true. No DataLayer cookies created.")),window.addEventListener("load",function(){callGTMFunction()})}null==e&&(e=""),console.log("DataLayerUserObjectOuter: "+e+" , Length: "+e.length),0==e.length||void 0===e.split("|")[8]?(wc.service.declare({id:"BootsUpdateDatalayerUserObjectCmd",actionId:"BootsUpdateDatalayerUserObjectCmd",url:getAbsoluteURL()+"BootsUpdateDatalayerUserObjectCmd",formId:"",successHandler:function(e){console.log("Invoking service success for BootsUpdateDatalayerUserObjectCmd."),t()},failureHandler:function(e){console.log("Invoking service failure for BootsUpdateDatalayerUserObjectCmd."),console.log(e)}}),wc.service.invoke("BootsUpdateDatalayerUserObjectCmd",{updateUserType:"yes"})):(console.log("==Cookie already exists.== "),t())});var userObj,sessionObj,userObjLogIn,gtm_category="",gtm_pageprefix="",gtm_categoryBreadcrumb=new Array,gtm_categoryTree="",gtm_previousPageID="",gtm_templateType="",gtm_templateID="",commonDefaultpageGTM="true",gtm_brandLister_page="false",gtm_pageType="",gtm_slpPageId="",pageId="",globalNavval=!1,estoresGlobalJsLoaded=!1,gtmCategoryID="",gtmCategoryTree="";function callGTMFunction(){var t;pageId=document.title,"true"===commonDefaultpageGTM&&(""!=gtm_pageprefix&&("Category"!==gtm_pageprefix&&"Content"!==gtm_pageprefix||(gtm_pageprefix=0<gtm_categoryBreadcrumb.length||"true"==gtm_brandLister_page?"Category":"Content"),pageId=gtm_pageprefix+": "+pageId),null!=gtm_pageType&&""!=gtm_pageType||(gtm_pageType=gtm_pageprefix),gtm_categoryBreadcrumb&&0==gtm_categoryBreadcrumb.length&&(gtm_categoryBreadcrumb=""),"undefined"!=typeof Storage&&(void 0!==sessionStorage.globalNavValue&&"true"===sessionStorage.globalNavValue&&(globalNavval=!0),sessionStorage.pageID&&(gtm_previousPageID=sessionStorage.pageID),sessionStorage.pageID=pageId),"undefined"!=typeof Storage&&(gtmCategoryID=void 0!==sessionStorage.getItem("ctaExtraField1CategoryName")&&null!=sessionStorage.getItem("ctaExtraField1CategoryName")?sessionStorage.getItem("ctaExtraField1CategoryName"):""),"undefined"!=typeof Storage&&(gtmCategoryTree=void 0!==sessionStorage.getItem("ctaExtraField2CategoryTree")&&null!=sessionStorage.getItem("ctaExtraField2CategoryTree")?sessionStorage.getItem("ctaExtraField2CategoryTree"):""),t={id:pageId,category:gtmCategoryID,categoryBreadcrumbobj:gtm_categoryBreadcrumb,categoryTree:gtmCategoryTree,previousPageID:gtm_previousPageID,type:gtm_pageType,isPageView:"true",templateType:gtm_templateType,templateID:gtm_templateID,eventName:"defaultPageView"},require(["dojo/ready"],function(e){e(function(){require(["/wcsstore/eBootsStorefrontAssetStore/javascript/Analytics.js"],function(){var e=0;0==(e=null!=document.getElementById("octListers")?document.querySelectorAll("#octListers").length:e)&&analyticsJS.commonPageDetailsGtm(t)})})}))}null!=document.getElementById("listPageType")&&"SLP"==document.getElementById("listPageType").value&&(gtm_pageprefix="Search Lister")</script> <input type="hidden" name="gtm_switch" value="true" id="gtm_switch" autocomplete="off" style=""> <input type="hidden" name="syn_switch" value="true" id="syn_switch" autocomplete="off" style=""> <script type="text/javascript" src="https://www.boots.com/wcsstore/eBootsStorefrontAssetStore/javascript/generated/Common.min.js"></script> <script type="text/javascript" src="https://www.boots.com/wcsstore/eBootsStorefrontAssetStore/javascript/jquery-1.11.3.min.js"></script> <input type="hidden" id="gigyaAPIKey" name="gigyaAPIKey" value="3_tgWZjPmf4Y0eeO0Okf-Cl3OjuaTNMW5aSIYEi0dY66KmwQXWyItwHA1Kb_uGmB9r" autocomplete="off" style=""> <script type="text/javascript" src="//cdns.gigya.com/js/gigya.js?apikey=3_tgWZjPmf4Y0eeO0Okf-Cl3OjuaTNMW5aSIYEi0dY66KmwQXWyItwHA1Kb_uGmB9r"></script> <script type="text/javascript" src="https://www.boots.com/wcsstore/eBootsStorefrontAssetStore/javascript/UserArea/BootsGigyaLogin.js"></script> <script type="text/javascript">(ibm="object"!=typeof ibm?{}:ibm).namespace={addNamespace:function(e){for(var a=e.split("."),m=window,o=0;o<a.length;o++)"object"!=typeof m[a[o]]&&(m[a[o]]={}),m=m[a[o]]}},ibm.namespace.addNamespace("boots.common");var ibm,cepIdealHFFlag=document.getElementById("cepIdealHFFlag").value</script> <script>dojo.require("wc.service.common"),dojo.require("dojo.number"),dojo.require("dojo.has")</script> <script type="text/javascript">null==storeNLS&&(dojo.requireLocalization("storetext","StoreText"),storeNLS=dojo.i18n.getLocalization("storetext","StoreText")),initializeInactivityWarning();var ie6=!1,ie7=!1;null!=navigator&&null!=navigator.userAgent&&(ie6=-1<navigator.userAgent.toLowerCase().indexOf("msie 6.0"),ie7=-1<navigator.userAgent.toLowerCase().indexOf("msie 7.0")),-1==location.href.indexOf("UnsupportedBrowserErrorView")&&(ie6||ie7)&&document.write('<meta http-equiv="Refresh" content="0;URL=https://www.boots.com/UnsupportedBrowserErrorView?catalogId=10001&storeId=11352&langId=-1"/>')</script> <script type="text/javascript">dojo.addOnLoad(function(){shoppingActionsJS.setCommonParameters("-1","11352","28501","G","&pound;");var e=/Chrome/.test(navigator.userAgent)&&/Google Inc/.test(navigator.vendor),t=/Safari/.test(navigator.userAgent)&&/Apple Computer/.test(navigator.vendor);if(e||t)for(var o=dojo.query('input[type="hidden"]'),a=0;a<o.length;a++)o[a].autocomplete="off";(dojo.has("ios")||dojo.has("android"))&&dojo.attr(dojo.body(),"data-wc-device","mobile"),document.getElementById("syn_switch")&&"true"===document.getElementById("syn_switch").value&&("?fa_category=All"===location.search&&(window.history.replaceState("","","/?autolaunchknowledge"),synthetixDynamicTrigger()),"fa_label=ob1"===location.search.split("&")[1]&&(e=location.search.split("&")[0],window.history.replaceState("","","/"+e+"&autolaunchknowledge_tandc"),synthetixDynamicTrigger()),"?fa_category=How%20to%20return%20items"===location.search)&&(window.history.replaceState("","","/?autolaunchknowledge_returns"),synthetixDynamicTrigger())})</script> <script type="text/javascript" src="https://www.boots.com/wcsstore/eBootsStorefrontAssetStore/javascript/generated/Header.min.js"></script> <script type="text/javascript">dojo.addOnLoad(function(){var e,o=getQueryStringParams("geoOpts"),i=readCookie("cookiePrefDomain");!navigator.cookieEnabled||(("Y"!=o||"undefined"!=i&&null!=i?closeOverlay:(null!=dojo.byId("isMobile")&&"true"==dojo.byId("isMobile").value&&closeBurgerMenu(),eStoreProductOverlay))("shipToOverlay"),void 0!==(o=getQueryStringParams("geoCode"))&&void 0!==(i=o)&&(e=(o=new Date).getTime(),o.setTime(e+=31536e6),document.cookie="cookiePrefDomain="+i+"; expires="+o.toGMTString()+"; path=/"),document.cookie="deepLinkVisited=true; path=/")})</script> <script type="text/javascript">dojo.addOnLoad(function(){analyticsJS.storeId="11352",analyticsJS.catalogId="28501",analyticsJS.loadShopCartHandler(),analyticsJS.loadPagingHandler(),analyticsJS.loadProductQuickInfoHandler("productIdQuickInfo"),analyticsJS.loadStoreLocatorPageViews(),analyticsJS.loadWishlistHandler(),analyticsJS.registerMiniShopCartPageView(),dojo.require("wc.analytics.CoremetricsEventListener"),(new wc.analytics.CoremetricsEventListener).load(),"Shipping and Billing Display"!=document.title&&localStorage.setItem("isIdCheckPassed","0")})</script> <script type="text/javascript">dojo.addOnLoad(function(){setMiniShopCartControllerURL(getAbsoluteURL()+"MiniShopCartDisplayView?storeId=11352&catalogId=28501&langId=-1&ut=G"),wc.render.getRefreshControllerById("MiniShopCartContentsController").url=getAbsoluteURL()+"MiniShopCartDisplayView?storeId=11352&catalogId=28501&langId=-1&page_view=dropdown",null==dojo.byId("MiniShoppingCart")||multiSessionEnabled||loadMiniCart("GBP","-1")})</script> <script type="text/javascript">dojo.addOnLoad(function(){loadAdcardDetails("GBP","11352")})</script> <script type="text/javascript">dojo.addOnLoad(function(){setAjaxRefresh(""),wc.render.getRefreshControllerById("departmentSubMenu_Controller")&&(wc.render.getRefreshControllerById("departmentSubMenu_Controller").url=getAbsoluteURL()+"DepartmentDropdownViewRWD?storeId=11352&catalogId=28501&langId=-1")})</script> <link rel="stylesheet" href="https://www.boots.com/online/assets/core/0.1.0/main.css"> <link href="https://www.boots.com/online/assets/core/0.1.0/main.css" rel="preLoad" as="font"> <input type="hidden" name="checkoutLogin_Switch" value="ON" id="checkoutLogin_Switch" autocomplete="off" style="">  <script type="text/javascript" src="https://www.boots.com/wcsstore/eBootsStorefrontAssetStore/javascript/generated/HomePage.min.js"></script> <script type="text/javascript">dojo.addOnLoad(function(){shoppingActionsJS.setCommonParameters("-1","11352","28501","G","&pound;"),shoppingActionsServicesDeclarationJS.setCommonParameters("-1","11352","28501")}),window.addEventListener("load",function(){var o=getCookie("UserType");console.log("=== userTypeCookie in BPT begin === "+o),null!=o&&"G"==o&&document.getElementById("loggedIn_dropDown")&&document.getElementById("loggedOut_link")&&(dojo.addClass(dojo.byId("loggedIn_dropDown"),"cacheHidden"),dojo.removeClass(dojo.byId("loggedOut_link"),"cacheHidden"),console.log("=== updated cacheHidden classes in BPT:: === "))})</script> <div class="templateMainContentArea"><div id="main" class="oct oct--listers"><div class="oct-template oct-template--boots-v1 oct-template--boots-v1--standard" style="--theme-color: #05054b; --theme-text-color: #333;"><div data-testid="grid" class="oct-grid oct-aem-grid" columns="12" largecolumns="12"><div data-testid="row" class="oct-grid__row oct-grid__row--full-width"><div data-testid="cell" class="oct-grid__cell oct-grid__cell--width-12 oct-grid-aem__cell oct-grid-aem__cell__width--firstRow oct-grid-aem__cell__width--lastRow"><div data-testid="grid" class="oct-grid oct-aem-grid" columns="12" largecolumns="12"><div data-testid="row" class="oct-grid__row oct-grid__row--full-width"><div data-testid="cell" class="oct-grid__cell oct-grid__cell--width-12 oct-grid-aem__cell oct-grid-aem__cell__width--firstRow oct-grid-aem__cell__width--lastRow"><div class="oct-experience-fragment oct-experience-fragment__single-row"><div data-testid="grid" class="oct-grid oct-aem-grid" columns="12" largecolumns="12"><div data-testid="row" class="oct-grid__row oct-grid__row--full-width"><div data-testid="cell" class="oct-grid__cell oct-grid__cell--width-12 oct-grid-aem__cell oct-grid-aem__cell__width--firstRow oct-grid-aem__cell__width--lastRow"><div role="button" class="oct-ticker-banner oct-ticker-banner-large oct-ticker-banner__no-image" aria-label="Promotional banner. Save up to 25%&amp;nbsp;on selected premium beauty, No7 &amp;amp; makeup.&amp;nbsp;Hurry, don't miss this!
" tabindex="0" style="background-color: rgb(204, 0, 51);"><div class="oct-ticker-banner__content horizontal-alignment"><p class="oct-text oct-text--standard oct-text--size_m oct-ticker-banner__text oct-aem-text oct-aem-text--inherit" data-testid="text" style="color: rgb(255, 255, 255);"><p style="text-align: left;"><b>Save up to 25%</b>&nbsp;on selected premium beauty, No7 &amp; makeup.<b>&nbsp;Hurry, don't miss this!</b></p></p><div class="oct-ticker-banner__wrapper"><div class="oct-aem-button"><a href="https://www.boots.com/luxury-beauty-offers" class="oct-link oct-link--theme-text oct-color--boots-blue oct-button oct-button--ellipses oct-button--cta oct-button--cta-default oct-button--cta-default-primaryTransparent oct-button--cta-default-responsive oct-aem-cta oct-button--cta-white-primary" data-testid="button" data-promo-id="-3406740754" data-promo-name="E149_AEMTicker_Beauty_SUT25pc" data-promo-creative="Cat_Event|TKB|MixedBrands|2025-03-18T14:09:28Z" data-promo-position="Main|1|1"><div class="oct-button__content">SHOP NOW</div></a></div></div></div></div></div></div></div></div></div></div></div></div></div><div data-testid="row" class="oct-grid__row oct-grid__row--full-width"><div data-testid="cell" class="oct-grid__cell oct-grid__cell--width-12 oct-grid-aem__cell oct-grid-aem__cell__width--firstRow oct-grid-aem__cell__width--lastRow"><nav class="oct-breadcrumb" aria-label="breadcrumb"><div class="oct-input__iconContainer"><div></div><input type="hidden" class="oct-input" name="dl_productBreadcrumb" id="dl_productBreadcrumb" autocomplete="off" value="Home|Beauty &amp; skincare|Skincare|shop all skincare " style=""></div><div class="oct-breadcrumb__inner oct-text--standard oct-text--size_xs"><ol class="oct-breadcrumb__items-list"><li class="oct-breadcrumb__item"><a href="/ " class="oct-link oct-link--theme-text oct-color--boots-blue oct-button oct-button--cta oct-button--cta-textOnly oct-button--cta-textOnly-responsive oct-breadcrumb__link" data-testid="button" tabindex="0" role="link"><div class="oct-button__content"><div class="oct-breadcrumb__body-copy"><p class="oct-text oct-text--standard oct-text--size_xs" data-testid="text">Home<span class="oct-breadcrumb__arrow-container"><span class="oct-breadcrumb__arrow"></span></span></p></div></div></a></li><li class="oct-breadcrumb__item"><a href="/beauty" class="oct-link oct-link--theme-text oct-color--boots-blue oct-button oct-button--cta oct-button--cta-textOnly oct-button--cta-textOnly-responsive oct-breadcrumb__link" data-testid="button" tabindex="0" role="link"><div class="oct-button__content"><div class="oct-breadcrumb__body-copy"><p class="oct-text oct-text--standard oct-text--size_xs" data-testid="text">Beauty &amp; skincare<span class="oct-breadcrumb__arrow-container"><span class="oct-breadcrumb__arrow"></span></span></p></div></div></a></li><li class="oct-breadcrumb__item"><a href="/beauty/skincare" class="oct-link oct-link--theme-text oct-color--boots-blue oct-button oct-button--cta oct-button--cta-textOnly oct-button--cta-textOnly-responsive oct-breadcrumb__link" data-testid="button" tabindex="0" role="link"><div class="oct-button__content"><div class="oct-breadcrumb__body-copy"><p class="oct-text oct-text--standard oct-text--size_xs" data-testid="text">Skincare<span class="oct-breadcrumb__arrow-container"><span class="oct-breadcrumb__arrow"></span></span></p></div></div></a></li><li class="oct-breadcrumb__item"><a href="/beauty/skincare/skincare-all-skincare" class="oct-link oct-link--theme-text oct-color--boots-blue oct-button oct-button--cta oct-button--cta-textOnly oct-button--cta-textOnly-responsive oct-breadcrumb__link oct-breadcrumb__link--inactive" data-testid="button" tabindex="0" aria-current="page"><div class="oct-button__content"><div class="oct-breadcrumb__body-copy"><p class="oct-text oct-text--standard oct-text--size_xs" data-testid="text">Shop all skincare <span class="oct-breadcrumb__arrow-container"><span class="oct-breadcrumb__arrow"></span></span></p></div></div></a></li></ol></div></nav></div></div><div data-testid="row" class="oct-grid__row oct-grid__row--full-width"><div data-testid="cell" class="oct-grid__cell oct-grid__cell--width-12 oct-grid-aem__cell oct-grid-aem__cell__width--firstRow oct-grid-aem__cell__width--lastRow"><div data-testid="grid" class="oct-grid oct-aem-grid" columns="12" largecolumns="12"><div data-testid="row" class="oct-grid__row oct-grid__row--full-width"><div data-testid="cell" class="oct-grid__cell oct-grid__cell--width-12 oct-grid-aem__cell oct-grid-aem__cell__width--firstRow oct-grid-aem__cell__width--lastRow"><div id="octListers" class="oct-listers oct-listers--isPLP-notChanel old-hf"><div data-testid="grid" class="oct-grid oct-listers-grid oct-listers-grid--default"><div data-testid="row" class="oct-grid__row oct-grid__row--full-width"><div class="hiddenDataForDX ">{"status":"facets are ready","totalHits":285,"facetCount":25,"facetsKey":["brand","currentPrice","roundedReviewScore","promotionalText","product_type","gender","size","gift_type","recipient","skin_type","spf","key_features","body_area","format","free_from","fragrance_scent","suitable_for","finish","category","condition","skin_concern","ingredients","active_ingredient","pharmacy_medicine","pack_size"],"appliedFilters":{"category":["beauty &amp; skincare","skincare","all skincare"],"roundedReviewScore":["5"]}}</div><div class="oct-listers-facets-wrapper oct-listers__loaded" style="height: auto;"><button data-testid="button" class="oct-button oct-button--ellipses oct-button--cta oct-button--cta--responsive oct-aem-cta oct-skip-to-content" to="" aria-label="Skip filters"><div class="oct-button__content">SKIP FILTERS</div></button><ul class="oct-listers-facets"><li class="oct-listers-facets__item"><div class="filter-by oct-listers__filter-by"><h2 class="oct-text oct-text--standard oct-text--size_m oct-aem-text oct-aem-text--h2--variant-1 filter-by__heading oct-listers__filter-by__heading" data-testid="text"><span class="filter-by-name">Filter by:</span><span class="filter-by__applied"></span></h2></div></li><li class="oct-listers-facets__item"><div class="applied-filters oct-listers__applied-filters"><div class="applied-filters__header"><h2 class="oct-text oct-text--standard oct-text--size_m oct-aem-text oct-aem-text--h2--variant-1 applied-filters__heading" data-testid="text">Applied Filters</h2><button data-testid="button" class="oct-button oct-button--default oct-button--default-default oct-button--default-default-responsive applied-filters__clear-all" role="button" aria-label="Clear all applied filters"><div class="oct-button__content">Clear all</div></button></div><ul class="applied-filters__option-chips"><li class="applied-filters__option-chip applied-filters__option-chip--ratings" tabindex="0" aria-label="Deselect 5 Stars Only filter"><button data-testid="button" class="oct-button oct-button--default oct-button--default-default oct-button--default-default-responsive applied-filters__option-chip-clear" tabindex="-1" role="button" title="Clear filter"><div class="oct-button__content"><svg width="12" height="12" viewBox="0 0 12 12" xmlns="http://www.w3.org/2000/svg" class="oct-icon" aria-hidden="true" aria-label="" style="height: 12px; width: 12px; fill: black;"><defs><clipPath id="vti48o1xca"><path d="M4062 0v3605H0V0h4062z"></path></clipPath><clipPath id="d7rxiev14b"><path d="M11.275 0 12 .725 6.724 6 12 11.275l-.725.725L6 6.724.725 12 0 11.275 5.275 6 0 .725.725 0 6 5.275 11.275 0z"></path></clipPath></defs><g clip-path="url(#vti48o1xca)" transform="translate(-348 -588)"><g clip-path="url(#d7rxiev14b)" transform="translate(348 588)"><path fill="#05054A" d="M0 0h12v12H0V0z"></path></g></g></svg></div></button><span class="applied-filters__option-chip__content">5 Stars Only</span></li></ul></div></li><li class="oct-listers-facets__item oct-listers-facets__item--inStock"><div class="toggle-facet_container"><p class="oct-text oct-text--standard oct-text--size_m toggle-facet_container_text" data-testid="text">Hide out of stock items</p><label class="oct-toggle"><input class="oct-toggle__checkbox" type="checkbox" data-testid="toggle-checkbox" aria-checked="false" name="inStock" role="switch" aria-label="Hide out of stock items" style=""><span class="oct-toggle__slider oct-toggle__slider--unselected" aria-hidden="true"></span></label></div></li><li class="oct-listers-facets__item oct-listers-facets__item--currentPrice"><div class="range-slider facet"><div class="oct-accordion" data-testid="oct-accordion"><div class="oct-accordion__item oct-accordion__item--noTransition"><button role="region" class="oct-accordion__toggle oct-accordion__toggle--open" aria-expanded="true" aria-label="price range slider"><div class="oct-accordion__toggle-wrapper"><div class="oct-accordion__text-wrapper"><h2 class="oct-text oct-text--standard oct-text--size_m oct-aem-text oct-aem-text--h2--variant-1 oct-accordion__text--primary" data-testid="text">Price range</h2></div><div class="oct-accordion__icon-wrapper"><div class="symbol"></div></div></div></button><div><div class="oct-accordion__pannel oct-accordion__pannel--open" role="region"><div class="range-slider__container"><input id="range-slider__min" aria-label="£2" type="range" min="2" max="210" class="range-slider__thumb range-slider__thumb--left " step="1" tabindex="0" role="slider" value="2" style=""><input id="range-slider__max" aria-label="£210" type="range" min="2" max="210" class="range-slider__thumb range-slider__thumb--right" step="1" tabindex="0" role="slider" value="210" style=""><div class="range-slider__slider"><div id="range-slider__slider_min" class="range-slider__slider__values range-slider__slider__values--left-value">£2</div><div id="range-slider__slider_max" class="range-slider__slider__values range-slider__slider__values--right-value">£210</div><div class="range-slider__slider__track"></div><div class="range-slider__slider__range" style="left: 0%; width: 100%;"></div></div></div><div class="range-slider__input-container"><div class="range-slider__input-group"><div class="range-slider__input-label" data-currency="£"><label for="range-slider__input-number-min" class="range-slider__input-text">Min</label><div class="oct-input__iconContainer"><div></div><input type="number" class="oct-input range-slider__input-number range-slider__input-number-min" id="range-slider__input-number-min" autocomplete="off" placeholder="2" tabindex="0" value="2" style=""></div></div></div><span class="range-slider__input-middle"> to </span><div class="range-slider__input-group"><div class="range-slider__input-label" data-currency="£"><label for="range-slider__input-number-max" class="range-slider__input-text">Max</label><div class="oct-input__iconContainer"><div></div><input type="number" class="oct-input range-slider__input-number range-slider__input-number-max" id="range-slider__input-number-max" autocomplete="off" placeholder="210" tabindex="0" value="210" style=""></div></div></div><div class="range-slider__input-button"><button data-testid="button" class="oct-button oct-button--default oct-button--default-default oct-button--default-default-responsive oct-button oct-button--ellipses oct-button--cta oct-button--cta-default oct-button--cta-default-secondaryTransparent range-slider__input-button oct-button--cta-midnight-blue-secondary" role="button" tabindex="0"><div class="oct-button__content"><div class="oct-button__content">APPLY</div></div></button></div></div></div></div></div></div></div></li><li class="oct-listers-facets__item oct-listers-facets__item--brand"><div class="checkbox-list-facet facet"><div class="oct-accordion" data-testid="oct-accordion"><div class="oct-accordion__item oct-accordion__item--noTransition"><button role="" class="oct-accordion__toggle oct-accordion__toggle--open" aria-expanded="true" aria-label="Brand"><div class="oct-accordion__toggle-wrapper"><div class="oct-accordion__text-wrapper"><h2 class="oct-text oct-text--standard oct-text--size_m oct-aem-text oct-aem-text--h2--variant-1 oct-accordion__text--primary" data-testid="text">Brand</h2></div><div class="oct-accordion__icon-wrapper"><div class="symbol"></div></div></div></button><div><div class="oct-accordion__pannel oct-accordion__pannel--open" role="region"><div class="checkbox-list-facet__searchbox facet__searchbox"><div class="oct-input__iconContainer"><div></div><input type="text" class="oct-input" placeholder="Search Brand" title="Search Brand" value="" style=""><svg xmlns="http://www.w3.org/2000/svg" width="20" height="20" viewBox="0 0 20 20" role="img" class="oct-icon oct-input__icon oct-input__icon--right" aria-hidden="true" aria-label="" data-testid="right-icon" style="height: 20px; width: 30px; fill: black;"><g fill="unset" fill-rule="evenodd"><g fill="unset"><path d="M18.75 17.869l-4.719-4.744c2.344-2.827 2.051-6.997-.664-9.47-2.715-2.473-6.894-2.375-9.49.222-2.597 2.596-2.695 6.775-.222 9.49s6.643 3.008 9.47.664l4.744 4.719.881-.881zM3.125 8.75c0-3.107 2.518-5.625 5.625-5.625s5.625 2.518 5.625 5.625-2.518 5.625-5.625 5.625-5.625-2.518-5.625-5.625z"></path></g></g></svg></div></div><ul class="checkbox-list-facet__children facet__children level-1"><li class="checkbox-list-facet__child facet__child"><label class="oct-checkbox"><input class="oct-checkbox__input" type="checkbox" data-testid="checkbox-input" value="" style=""><svg width="32px" height="32px" viewBox="0 0 32 32" version="1.1" xmlns="http://www.w3.org/2000/svg" xmlns:xlink="http://www.w3.org/1999/xlink" role="img" class="oct-icon" aria-hidden="true" aria-label="" style="height: 20px; width: 20px; fill: white;"><g stroke="none" stroke-width="1" fill-rule="evenodd"><polygon points="13 21.2 5.9 14.1 4.5 15.5 11.6 22.6 13 24 27.1 9.9 25.7 8.4"></polygon></g></svg><span data-testid="checkbox-label" class="checkbox__label">Boots<span class="checkbox-list-facet__child__count facet__child__count">(15)</span></span></label></li><li class="checkbox-list-facet__child facet__child"><label class="oct-checkbox"><input class="oct-checkbox__input" type="checkbox" data-testid="checkbox-input" value="" style=""><svg width="32px" height="32px" viewBox="0 0 32 32" version="1.1" xmlns="http://www.w3.org/2000/svg" xmlns:xlink="http://www.w3.org/1999/xlink" role="img" class="oct-icon" aria-hidden="true" aria-label="" style="height: 20px; width: 20px; fill: white;"><g stroke="none" stroke-width="1" fill-rule="evenodd"><polygon points="13 21.2 5.9 14.1 4.5 15.5 11.6 22.6 13 24 27.1 9.9 25.7 8.4"></polygon></g></svg><span data-testid="checkbox-label" class="checkbox__label">Dr Jart<span class="checkbox-list-facet__child__count facet__child__count">(13)</span></span></label></li><li class="checkbox-list-facet__child facet__child"><label class="oct-checkbox"><input class="oct-checkbox__input" type="checkbox" data-testid="checkbox-input" value="" style=""><svg width="32px" height="32px" viewBox="0 0 32 32" version="1.1" xmlns="http://www.w3.org/2000/svg" xmlns:xlink="http://www.w3.org/1999/xlink" role="img" class="oct-icon" aria-hidden="true" aria-label="" style="height: 20px; width: 20px; fill: white;"><g stroke="none" stroke-width="1" fill-rule="evenodd"><polygon points="13 21.2 5.9 14.1 4.5 15.5 11.6 22.6 13 24 27.1 9.9 25.7 8.4"></polygon></g></svg><span data-testid="checkbox-label" class="checkbox__label">Fresh<span class="checkbox-list-facet__child__count facet__child__count">(10)</span></span></label></li><li class="checkbox-list-facet__child facet__child"><label class="oct-checkbox"><input class="oct-checkbox__input" type="checkbox" data-testid="checkbox-input" value="" style=""><svg width="32px" height="32px" viewBox="0 0 32 32" version="1.1" xmlns="http://www.w3.org/2000/svg" xmlns:xlink="http://www.w3.org/1999/xlink" role="img" class="oct-icon" aria-hidden="true" aria-label="" style="height: 20px; width: 20px; fill: white;"><g stroke="none" stroke-width="1" fill-rule="evenodd"><polygon points="13 21.2 5.9 14.1 4.5 15.5 11.6 22.6 13 24 27.1 9.9 25.7 8.4"></polygon></g></svg><span data-testid="checkbox-label" class="checkbox__label">Clinique<span class="checkbox-list-facet__child__count facet__child__count">(8)</span></span></label></li><li class="checkbox-list-facet__child facet__child"><label class="oct-checkbox"><input class="oct-checkbox__input" type="checkbox" data-testid="checkbox-input" value="" style=""><svg width="32px" height="32px" viewBox="0 0 32 32" version="1.1" xmlns="http://www.w3.org/2000/svg" xmlns:xlink="http://www.w3.org/1999/xlink" role="img" class="oct-icon" aria-hidden="true" aria-label="" style="height: 20px; width: 20px; fill: white;"><g stroke="none" stroke-width="1" fill-rule="evenodd"><polygon points="13 21.2 5.9 14.1 4.5 15.5 11.6 22.6 13 24 27.1 9.9 25.7 8.4"></polygon></g></svg><span data-testid="checkbox-label" class="checkbox__label">CosRX<span class="checkbox-list-facet__child__count facet__child__count">(8)</span></span></label></li><li class="checkbox-list-facet__child facet__child"><label class="oct-checkbox"><input class="oct-checkbox__input" type="checkbox" data-testid="checkbox-input" value="" style=""><svg width="32px" height="32px" viewBox="0 0 32 32" version="1.1" xmlns="http://www.w3.org/2000/svg" xmlns:xlink="http://www.w3.org/1999/xlink" role="img" class="oct-icon" aria-hidden="true" aria-label="" style="height: 20px; width: 20px; fill: white;"><g stroke="none" stroke-width="1" fill-rule="evenodd"><polygon points="13 21.2 5.9 14.1 4.5 15.5 11.6 22.6 13 24 27.1 9.9 25.7 8.4"></polygon></g></svg><span data-testid="checkbox-label" class="checkbox__label">Lancome<span class="checkbox-list-facet__child__count facet__child__count">(8)</span></span></label></li><li class="checkbox-list-facet__child facet__child"><label class="oct-checkbox"><input class="oct-checkbox__input" type="checkbox" data-testid="checkbox-input" value="" style=""><svg width="32px" height="32px" viewBox="0 0 32 32" version="1.1" xmlns="http://www.w3.org/2000/svg" xmlns:xlink="http://www.w3.org/1999/xlink" role="img" class="oct-icon" aria-hidden="true" aria-label="" style="height: 20px; width: 20px; fill: white;"><g stroke="none" stroke-width="1" fill-rule="evenodd"><polygon points="13 21.2 5.9 14.1 4.5 15.5 11.6 22.6 13 24 27.1 9.9 25.7 8.4"></polygon></g></svg><span data-testid="checkbox-label" class="checkbox__label">Botanics<span class="checkbox-list-facet__child__count facet__child__count">(7)</span></span></label></li><li class="checkbox-list-facet__child facet__child"><label class="oct-checkbox"><input class="oct-checkbox__input" type="checkbox" data-testid="checkbox-input" value="" style=""><svg width="32px" height="32px" viewBox="0 0 32 32" version="1.1" xmlns="http://www.w3.org/2000/svg" xmlns:xlink="http://www.w3.org/1999/xlink" role="img" class="oct-icon" aria-hidden="true" aria-label="" style="height: 20px; width: 20px; fill: white;"><g stroke="none" stroke-width="1" fill-rule="evenodd"><polygon points="13 21.2 5.9 14.1 4.5 15.5 11.6 22.6 13 24 27.1 9.9 25.7 8.4"></polygon></g></svg><span data-testid="checkbox-label" class="checkbox__label">Mallows<span class="checkbox-list-facet__child__count facet__child__count">(7)</span></span></label></li><li class="checkbox-list-facet__child facet__child"><label class="oct-checkbox"><input class="oct-checkbox__input" type="checkbox" data-testid="checkbox-input" value="" style=""><svg width="32px" height="32px" viewBox="0 0 32 32" version="1.1" xmlns="http://www.w3.org/2000/svg" xmlns:xlink="http://www.w3.org/1999/xlink" role="img" class="oct-icon" aria-hidden="true" aria-label="" style="height: 20px; width: 20px; fill: white;"><g stroke="none" stroke-width="1" fill-rule="evenodd"><polygon points="13 21.2 5.9 14.1 4.5 15.5 11.6 22.6 13 24 27.1 9.9 25.7 8.4"></polygon></g></svg><span data-testid="checkbox-label" class="checkbox__label">Origins<span class="checkbox-list-facet__child__count facet__child__count">(7)</span></span></label></li><li class="checkbox-list-facet__child facet__child"><label class="oct-checkbox"><input class="oct-checkbox__input" type="checkbox" data-testid="checkbox-input" value="" style=""><svg width="32px" height="32px" viewBox="0 0 32 32" version="1.1" xmlns="http://www.w3.org/2000/svg" xmlns:xlink="http://www.w3.org/1999/xlink" role="img" class="oct-icon" aria-hidden="true" aria-label="" style="height: 20px; width: 20px; fill: white;"><g stroke="none" stroke-width="1" fill-rule="evenodd"><polygon points="13 21.2 5.9 14.1 4.5 15.5 11.6 22.6 13 24 27.1 9.9 25.7 8.4"></polygon></g></svg><span data-testid="checkbox-label" class="checkbox__label">Tree Hut<span class="checkbox-list-facet__child__count facet__child__count">(7)</span></span></label></li></ul><button data-testid="button" class="oct-button oct-button--default oct-button--default-default oct-button--default-default-responsive checkbox-list-facet__view-all facet__view-all" aria-label="View all"><div class="oct-button__content">View all</div></button></div></div></div></div></div></li><li class="oct-listers-facets__item oct-listers-facets__item--roundedReviewScore"><div class="base-facet oct-ratings facet"><div class="oct-accordion" data-testid="oct-accordion"><div class="oct-accordion__item oct-accordion__item--noTransition"><button role="" class="oct-accordion__toggle oct-accordion__toggle--open" aria-expanded="true" aria-label="Rating value"><div class="oct-accordion__toggle-wrapper"><div class="oct-accordion__text-wrapper"><h2 class="oct-text oct-text--standard oct-text--size_m oct-aem-text oct-aem-text--h2--variant-1 oct-accordion__text--primary" data-testid="text">Rating</h2></div><div class="oct-accordion__icon-wrapper"><div class="symbol"></div></div></div></button><div><div class="oct-accordion__pannel oct-accordion__pannel--open" role="region"><div class="rating-facet__children"><div aria-checked="true" aria-label="5 stars 285 results" class="rating-facet__child rating-facet__child--selected" role="radio" tabindex="0"><div class="rating-facet__child__rating"></div><div class="oct-input-radio-container"><label class="oct-text oct-text--standard oct-text--size_s oct-input-radio__label oct-input-radio__label--checked" data-testid="label" for="RadioCount-5"><div class="oct-reviews"><div class="oct-reviews__icons" data-testid="reviews__icons"><span><svg xmlns="http://www.w3.org/2000/svg" width="10" height="20" viewBox="0 0 10 20" class="oct-icon" aria-hidden="true" aria-label="" style="height: 20px; width: auto; fill: rgb(255, 204, 0);"><g clip-path="url(#3b8wbmf19a)" transform="translate(-202 -2221)"><g clip-path="url(#n79ah32ilb)" transform="translate(202 2221)"><g clip-path="url(#h1bi9j7dcc)" transform="translate(1.25 2.5)"><path stroke="#767676" stroke-miterlimit="5" d="m8.75 12.188-5.143 2.51.982-5.318L.43 5.614l5.75-.776L8.75 0l2.572 4.838 5.75.776L12.91 9.38l.982 5.318-5.143-2.51z"></path></g></g></g></svg><svg xmlns="http://www.w3.org/2000/svg" width="10" height="20" viewBox="0 0 10 20" class="oct-icon" aria-hidden="true" aria-label="" style="height: 20px; width: auto; fill: rgb(255, 204, 0);"><g clip-path="url(#7gjj25igta)" transform="translate(-232 -2221)"><g clip-path="url(#dvqif6313b)" transform="translate(232 2221)"><g clip-path="url(#6r7ozri4zc)" transform="translate(-8.75 2.5)"><path stroke="#767676" stroke-miterlimit="5" d="m8.75 12.188-5.143 2.51.982-5.318L.43 5.614l5.75-.776L8.75 0l2.572 4.838 5.75.776L12.91 9.38l.982 5.318-5.143-2.51z"></path></g></g></g></svg></span><span><svg xmlns="http://www.w3.org/2000/svg" width="10" height="20" viewBox="0 0 10 20" class="oct-icon" aria-hidden="true" aria-label="" style="height: 20px; width: auto; fill: rgb(255, 204, 0);"><g clip-path="url(#3b8wbmf19a)" transform="translate(-202 -2221)"><g clip-path="url(#n79ah32ilb)" transform="translate(202 2221)"><g clip-path="url(#h1bi9j7dcc)" transform="translate(1.25 2.5)"><path stroke="#767676" stroke-miterlimit="5" d="m8.75 12.188-5.143 2.51.982-5.318L.43 5.614l5.75-.776L8.75 0l2.572 4.838 5.75.776L12.91 9.38l.982 5.318-5.143-2.51z"></path></g></g></g></svg><svg xmlns="http://www.w3.org/2000/svg" width="10" height="20" viewBox="0 0 10 20" class="oct-icon" aria-hidden="true" aria-label="" style="height: 20px; width: auto; fill: rgb(255, 204, 0);"><g clip-path="url(#7gjj25igta)" transform="translate(-232 -2221)"><g clip-path="url(#dvqif6313b)" transform="translate(232 2221)"><g clip-path="url(#6r7ozri4zc)" transform="translate(-8.75 2.5)"><path stroke="#767676" stroke-miterlimit="5" d="m8.75 12.188-5.143 2.51.982-5.318L.43 5.614l5.75-.776L8.75 0l2.572 4.838 5.75.776L12.91 9.38l.982 5.318-5.143-2.51z"></path></g></g></g></svg></span><span><svg xmlns="http://www.w3.org/2000/svg" width="10" height="20" viewBox="0 0 10 20" class="oct-icon" aria-hidden="true" aria-label="" style="height: 20px; width: auto; fill: rgb(255, 204, 0);"><g clip-path="url(#3b8wbmf19a)" transform="translate(-202 -2221)"><g clip-path="url(#n79ah32ilb)" transform="translate(202 2221)"><g clip-path="url(#h1bi9j7dcc)" transform="translate(1.25 2.5)"><path stroke="#767676" stroke-miterlimit="5" d="m8.75 12.188-5.143 2.51.982-5.318L.43 5.614l5.75-.776L8.75 0l2.572 4.838 5.75.776L12.91 9.38l.982 5.318-5.143-2.51z"></path></g></g></g></svg><svg xmlns="http://www.w3.org/2000/svg" width="10" height="20" viewBox="0 0 10 20" class="oct-icon" aria-hidden="true" aria-label="" style="height: 20px; width: auto; fill: rgb(255, 204, 0);"><g clip-path="url(#7gjj25igta)" transform="translate(-232 -2221)"><g clip-path="url(#dvqif6313b)" transform="translate(232 2221)"><g clip-path="url(#6r7ozri4zc)" transform="translate(-8.75 2.5)"><path stroke="#767676" stroke-miterlimit="5" d="m8.75 12.188-5.143 2.51.982-5.318L.43 5.614l5.75-.776L8.75 0l2.572 4.838 5.75.776L12.91 9.38l.982 5.318-5.143-2.51z"></path></g></g></g></svg></span><span><svg xmlns="http://www.w3.org/2000/svg" width="10" height="20" viewBox="0 0 10 20" class="oct-icon" aria-hidden="true" aria-label="" style="height: 20px; width: auto; fill: rgb(255, 204, 0);"><g clip-path="url(#3b8wbmf19a)" transform="translate(-202 -2221)"><g clip-path="url(#n79ah32ilb)" transform="translate(202 2221)"><g clip-path="url(#h1bi9j7dcc)" transform="translate(1.25 2.5)"><path stroke="#767676" stroke-miterlimit="5" d="m8.75 12.188-5.143 2.51.982-5.318L.43 5.614l5.75-.776L8.75 0l2.572 4.838 5.75.776L12.91 9.38l.982 5.318-5.143-2.51z"></path></g></g></g></svg><svg xmlns="http://www.w3.org/2000/svg" width="10" height="20" viewBox="0 0 10 20" class="oct-icon" aria-hidden="true" aria-label="" style="height: 20px; width: auto; fill: rgb(255, 204, 0);"><g clip-path="url(#7gjj25igta)" transform="translate(-232 -2221)"><g clip-path="url(#dvqif6313b)" transform="translate(232 2221)"><g clip-path="url(#6r7ozri4zc)" transform="translate(-8.75 2.5)"><path stroke="#767676" stroke-miterlimit="5" d="m8.75 12.188-5.143 2.51.982-5.318L.43 5.614l5.75-.776L8.75 0l2.572 4.838 5.75.776L12.91 9.38l.982 5.318-5.143-2.51z"></path></g></g></g></svg></span><span><svg xmlns="http://www.w3.org/2000/svg" width="10" height="20" viewBox="0 0 10 20" class="oct-icon" aria-hidden="true" aria-label="" style="height: 20px; width: auto; fill: rgb(255, 204, 0);"><g clip-path="url(#3b8wbmf19a)" transform="translate(-202 -2221)"><g clip-path="url(#n79ah32ilb)" transform="translate(202 2221)"><g clip-path="url(#h1bi9j7dcc)" transform="translate(1.25 2.5)"><path stroke="#767676" stroke-miterlimit="5" d="m8.75 12.188-5.143 2.51.982-5.318L.43 5.614l5.75-.776L8.75 0l2.572 4.838 5.75.776L12.91 9.38l.982 5.318-5.143-2.51z"></path></g></g></g></svg><svg xmlns="http://www.w3.org/2000/svg" width="10" height="20" viewBox="0 0 10 20" class="oct-icon" aria-hidden="true" aria-label="" style="height: 20px; width: auto; fill: rgb(255, 204, 0);"><g clip-path="url(#7gjj25igta)" transform="translate(-232 -2221)"><g clip-path="url(#dvqif6313b)" transform="translate(232 2221)"><g clip-path="url(#6r7ozri4zc)" transform="translate(-8.75 2.5)"><path stroke="#767676" stroke-miterlimit="5" d="m8.75 12.188-5.143 2.51.982-5.318L.43 5.614l5.75-.776L8.75 0l2.572 4.838 5.75.776L12.91 9.38l.982 5.318-5.143-2.51z"></path></g></g></g></svg></span></div><div class="oct-reviews__optionalText">Only <span class="oct-reviews__optionalTextCount">(285)</span></div></div></label><input type="radio" data-testid="input" id="RadioCount-5" class="oct-input-radio" tabindex="-1" readonly="" checked="" style=""></div></div><div aria-checked="false" aria-label="4 stars 2941 results" class="rating-facet__child" role="radio" tabindex="0"><div class="rating-facet__child__rating"></div><div class="oct-input-radio-container"><label class="oct-text oct-text--standard oct-text--size_s oct-input-radio__label" data-testid="label" for="RadioCount-4"><div class="oct-reviews"><div class="oct-reviews__icons" data-testid="reviews__icons"><span><svg xmlns="http://www.w3.org/2000/svg" width="10" height="20" viewBox="0 0 10 20" class="oct-icon" aria-hidden="true" aria-label="" style="height: 20px; width: auto; fill: rgb(255, 204, 0);"><g clip-path="url(#3b8wbmf19a)" transform="translate(-202 -2221)"><g clip-path="url(#n79ah32ilb)" transform="translate(202 2221)"><g clip-path="url(#h1bi9j7dcc)" transform="translate(1.25 2.5)"><path stroke="#767676" stroke-miterlimit="5" d="m8.75 12.188-5.143 2.51.982-5.318L.43 5.614l5.75-.776L8.75 0l2.572 4.838 5.75.776L12.91 9.38l.982 5.318-5.143-2.51z"></path></g></g></g></svg><svg xmlns="http://www.w3.org/2000/svg" width="10" height="20" viewBox="0 0 10 20" class="oct-icon" aria-hidden="true" aria-label="" style="height: 20px; width: auto; fill: rgb(255, 204, 0);"><g clip-path="url(#7gjj25igta)" transform="translate(-232 -2221)"><g clip-path="url(#dvqif6313b)" transform="translate(232 2221)"><g clip-path="url(#6r7ozri4zc)" transform="translate(-8.75 2.5)"><path stroke="#767676" stroke-miterlimit="5" d="m8.75 12.188-5.143 2.51.982-5.318L.43 5.614l5.75-.776L8.75 0l2.572 4.838 5.75.776L12.91 9.38l.982 5.318-5.143-2.51z"></path></g></g></g></svg></span><span><svg xmlns="http://www.w3.org/2000/svg" width="10" height="20" viewBox="0 0 10 20" class="oct-icon" aria-hidden="true" aria-label="" style="height: 20px; width: auto; fill: rgb(255, 204, 0);"><g clip-path="url(#3b8wbmf19a)" transform="translate(-202 -2221)"><g clip-path="url(#n79ah32ilb)" transform="translate(202 2221)"><g clip-path="url(#h1bi9j7dcc)" transform="translate(1.25 2.5)"><path stroke="#767676" stroke-miterlimit="5" d="m8.75 12.188-5.143 2.51.982-5.318L.43 5.614l5.75-.776L8.75 0l2.572 4.838 5.75.776L12.91 9.38l.982 5.318-5.143-2.51z"></path></g></g></g></svg><svg xmlns="http://www.w3.org/2000/svg" width="10" height="20" viewBox="0 0 10 20" class="oct-icon" aria-hidden="true" aria-label="" style="height: 20px; width: auto; fill: rgb(255, 204, 0);"><g clip-path="url(#7gjj25igta)" transform="translate(-232 -2221)"><g clip-path="url(#dvqif6313b)" transform="translate(232 2221)"><g clip-path="url(#6r7ozri4zc)" transform="translate(-8.75 2.5)"><path stroke="#767676" stroke-miterlimit="5" d="m8.75 12.188-5.143 2.51.982-5.318L.43 5.614l5.75-.776L8.75 0l2.572 4.838 5.75.776L12.91 9.38l.982 5.318-5.143-2.51z"></path></g></g></g></svg></span><span><svg xmlns="http://www.w3.org/2000/svg" width="10" height="20" viewBox="0 0 10 20" class="oct-icon" aria-hidden="true" aria-label="" style="height: 20px; width: auto; fill: rgb(255, 204, 0);"><g clip-path="url(#3b8wbmf19a)" transform="translate(-202 -2221)"><g clip-path="url(#n79ah32ilb)" transform="translate(202 2221)"><g clip-path="url(#h1bi9j7dcc)" transform="translate(1.25 2.5)"><path stroke="#767676" stroke-miterlimit="5" d="m8.75 12.188-5.143 2.51.982-5.318L.43 5.614l5.75-.776L8.75 0l2.572 4.838 5.75.776L12.91 9.38l.982 5.318-5.143-2.51z"></path></g></g></g></svg><svg xmlns="http://www.w3.org/2000/svg" width="10" height="20" viewBox="0 0 10 20" class="oct-icon" aria-hidden="true" aria-label="" style="height: 20px; width: auto; fill: rgb(255, 204, 0);"><g clip-path="url(#7gjj25igta)" transform="translate(-232 -2221)"><g clip-path="url(#dvqif6313b)" transform="translate(232 2221)"><g clip-path="url(#6r7ozri4zc)" transform="translate(-8.75 2.5)"><path stroke="#767676" stroke-miterlimit="5" d="m8.75 12.188-5.143 2.51.982-5.318L.43 5.614l5.75-.776L8.75 0l2.572 4.838 5.75.776L12.91 9.38l.982 5.318-5.143-2.51z"></path></g></g></g></svg></span><span><svg xmlns="http://www.w3.org/2000/svg" width="10" height="20" viewBox="0 0 10 20" class="oct-icon" aria-hidden="true" aria-label="" style="height: 20px; width: auto; fill: rgb(255, 204, 0);"><g clip-path="url(#3b8wbmf19a)" transform="translate(-202 -2221)"><g clip-path="url(#n79ah32ilb)" transform="translate(202 2221)"><g clip-path="url(#h1bi9j7dcc)" transform="translate(1.25 2.5)"><path stroke="#767676" stroke-miterlimit="5" d="m8.75 12.188-5.143 2.51.982-5.318L.43 5.614l5.75-.776L8.75 0l2.572 4.838 5.75.776L12.91 9.38l.982 5.318-5.143-2.51z"></path></g></g></g></svg><svg xmlns="http://www.w3.org/2000/svg" width="10" height="20" viewBox="0 0 10 20" class="oct-icon" aria-hidden="true" aria-label="" style="height: 20px; width: auto; fill: rgb(255, 204, 0);"><g clip-path="url(#7gjj25igta)" transform="translate(-232 -2221)"><g clip-path="url(#dvqif6313b)" transform="translate(232 2221)"><g clip-path="url(#6r7ozri4zc)" transform="translate(-8.75 2.5)"><path stroke="#767676" stroke-miterlimit="5" d="m8.75 12.188-5.143 2.51.982-5.318L.43 5.614l5.75-.776L8.75 0l2.572 4.838 5.75.776L12.91 9.38l.982 5.318-5.143-2.51z"></path></g></g></g></svg></span><span><svg xmlns="http://www.w3.org/2000/svg" width="10" height="20" viewBox="0 0 10 20" class="oct-icon" aria-hidden="true" aria-label="" style="height: 20px; width: auto; fill: rgb(242, 242, 242);"><g clip-path="url(#3b8wbmf19a)" transform="translate(-202 -2221)"><g clip-path="url(#n79ah32ilb)" transform="translate(202 2221)"><g clip-path="url(#h1bi9j7dcc)" transform="translate(1.25 2.5)"><path stroke="#767676" stroke-miterlimit="5" d="m8.75 12.188-5.143 2.51.982-5.318L.43 5.614l5.75-.776L8.75 0l2.572 4.838 5.75.776L12.91 9.38l.982 5.318-5.143-2.51z"></path></g></g></g></svg><svg xmlns="http://www.w3.org/2000/svg" width="10" height="20" viewBox="0 0 10 20" class="oct-icon" aria-hidden="true" aria-label="" style="height: 20px; width: auto; fill: rgb(242, 242, 242);"><g clip-path="url(#7gjj25igta)" transform="translate(-232 -2221)"><g clip-path="url(#dvqif6313b)" transform="translate(232 2221)"><g clip-path="url(#6r7ozri4zc)" transform="translate(-8.75 2.5)"><path stroke="#767676" stroke-miterlimit="5" d="m8.75 12.188-5.143 2.51.982-5.318L.43 5.614l5.75-.776L8.75 0l2.572 4.838 5.75.776L12.91 9.38l.982 5.318-5.143-2.51z"></path></g></g></g></svg></span></div><div class="oct-reviews__optionalText"> &amp; Up <span class="oct-reviews__optionalTextCount">(2941)</span></div></div></label><input type="radio" data-testid="input" id="RadioCount-4" class="oct-input-radio" tabindex="-1" readonly="" style=""></div></div><div aria-checked="false" aria-label="3 stars 3280 results" class="rating-facet__child" role="radio" tabindex="0"><div class="rating-facet__child__rating"></div><div class="oct-input-radio-container"><label class="oct-text oct-text--standard oct-text--size_s oct-input-radio__label" data-testid="label" for="RadioCount-3"><div class="oct-reviews"><div class="oct-reviews__icons" data-testid="reviews__icons"><span><svg xmlns="http://www.w3.org/2000/svg" width="10" height="20" viewBox="0 0 10 20" class="oct-icon" aria-hidden="true" aria-label="" style="height: 20px; width: auto; fill: rgb(255, 204, 0);"><g clip-path="url(#3b8wbmf19a)" transform="translate(-202 -2221)"><g clip-path="url(#n79ah32ilb)" transform="translate(202 2221)"><g clip-path="url(#h1bi9j7dcc)" transform="translate(1.25 2.5)"><path stroke="#767676" stroke-miterlimit="5" d="m8.75 12.188-5.143 2.51.982-5.318L.43 5.614l5.75-.776L8.75 0l2.572 4.838 5.75.776L12.91 9.38l.982 5.318-5.143-2.51z"></path></g></g></g></svg><svg xmlns="http://www.w3.org/2000/svg" width="10" height="20" viewBox="0 0 10 20" class="oct-icon" aria-hidden="true" aria-label="" style="height: 20px; width: auto; fill: rgb(255, 204, 0);"><g clip-path="url(#7gjj25igta)" transform="translate(-232 -2221)"><g clip-path="url(#dvqif6313b)" transform="translate(232 2221)"><g clip-path="url(#6r7ozri4zc)" transform="translate(-8.75 2.5)"><path stroke="#767676" stroke-miterlimit="5" d="m8.75 12.188-5.143 2.51.982-5.318L.43 5.614l5.75-.776L8.75 0l2.572 4.838 5.75.776L12.91 9.38l.982 5.318-5.143-2.51z"></path></g></g></g></svg></span><span><svg xmlns="http://www.w3.org/2000/svg" width="10" height="20" viewBox="0 0 10 20" class="oct-icon" aria-hidden="true" aria-label="" style="height: 20px; width: auto; fill: rgb(255, 204, 0);"><g clip-path="url(#3b8wbmf19a)" transform="translate(-202 -2221)"><g clip-path="url(#n79ah32ilb)" transform="translate(202 2221)"><g clip-path="url(#h1bi9j7dcc)" transform="translate(1.25 2.5)"><path stroke="#767676" stroke-miterlimit="5" d="m8.75 12.188-5.143 2.51.982-5.318L.43 5.614l5.75-.776L8.75 0l2.572 4.838 5.75.776L12.91 9.38l.982 5.318-5.143-2.51z"></path></g></g></g></svg><svg xmlns="http://www.w3.org/2000/svg" width="10" height="20" viewBox="0 0 10 20" class="oct-icon" aria-hidden="true" aria-label="" style="height: 20px; width: auto; fill: rgb(255, 204, 0);"><g clip-path="url(#7gjj25igta)" transform="translate(-232 -2221)"><g clip-path="url(#dvqif6313b)" transform="translate(232 2221)"><g clip-path="url(#6r7ozri4zc)" transform="translate(-8.75 2.5)"><path stroke="#767676" stroke-miterlimit="5" d="m8.75 12.188-5.143 2.51.982-5.318L.43 5.614l5.75-.776L8.75 0l2.572 4.838 5.75.776L12.91 9.38l.982 5.318-5.143-2.51z"></path></g></g></g></svg></span><span><svg xmlns="http://www.w3.org/2000/svg" width="10" height="20" viewBox="0 0 10 20" class="oct-icon" aria-hidden="true" aria-label="" style="height: 20px; width: auto; fill: rgb(255, 204, 0);"><g clip-path="url(#3b8wbmf19a)" transform="translate(-202 -2221)"><g clip-path="url(#n79ah32ilb)" transform="translate(202 2221)"><g clip-path="url(#h1bi9j7dcc)" transform="translate(1.25 2.5)"><path stroke="#767676" stroke-miterlimit="5" d="m8.75 12.188-5.143 2.51.982-5.318L.43 5.614l5.75-.776L8.75 0l2.572 4.838 5.75.776L12.91 9.38l.982 5.318-5.143-2.51z"></path></g></g></g></svg><svg xmlns="http://www.w3.org/2000/svg" width="10" height="20" viewBox="0 0 10 20" class="oct-icon" aria-hidden="true" aria-label="" style="height: 20px; width: auto; fill: rgb(255, 204, 0);"><g clip-path="url(#7gjj25igta)" transform="translate(-232 -2221)"><g clip-path="url(#dvqif6313b)" transform="translate(232 2221)"><g clip-path="url(#6r7ozri4zc)" transform="translate(-8.75 2.5)"><path stroke="#767676" stroke-miterlimit="5" d="m8.75 12.188-5.143 2.51.982-5.318L.43 5.614l5.75-.776L8.75 0l2.572 4.838 5.75.776L12.91 9.38l.982 5.318-5.143-2.51z"></path></g></g></g></svg></span><span><svg xmlns="http://www.w3.org/2000/svg" width="10" height="20" viewBox="0 0 10 20" class="oct-icon" aria-hidden="true" aria-label="" style="height: 20px; width: auto; fill: rgb(242, 242, 242);"><g clip-path="url(#3b8wbmf19a)" transform="translate(-202 -2221)"><g clip-path="url(#n79ah32ilb)" transform="translate(202 2221)"><g clip-path="url(#h1bi9j7dcc)" transform="translate(1.25 2.5)"><path stroke="#767676" stroke-miterlimit="5" d="m8.75 12.188-5.143 2.51.982-5.318L.43 5.614l5.75-.776L8.75 0l2.572 4.838 5.75.776L12.91 9.38l.982 5.318-5.143-2.51z"></path></g></g></g></svg><svg xmlns="http://www.w3.org/2000/svg" width="10" height="20" viewBox="0 0 10 20" class="oct-icon" aria-hidden="true" aria-label="" style="height: 20px; width: auto; fill: rgb(242, 242, 242);"><g clip-path="url(#7gjj25igta)" transform="translate(-232 -2221)"><g clip-path="url(#dvqif6313b)" transform="translate(232 2221)"><g clip-path="url(#6r7ozri4zc)" transform="translate(-8.75 2.5)"><path stroke="#767676" stroke-miterlimit="5" d="m8.75 12.188-5.143 2.51.982-5.318L.43 5.614l5.75-.776L8.75 0l2.572 4.838 5.75.776L12.91 9.38l.982 5.318-5.143-2.51z"></path></g></g></g></svg></span><span><svg xmlns="http://www.w3.org/2000/svg" width="10" height="20" viewBox="0 0 10 20" class="oct-icon" aria-hidden="true" aria-label="" style="height: 20px; width: auto; fill: rgb(242, 242, 242);"><g clip-path="url(#3b8wbmf19a)" transform="translate(-202 -2221)"><g clip-path="url(#n79ah32ilb)" transform="translate(202 2221)"><g clip-path="url(#h1bi9j7dcc)" transform="translate(1.25 2.5)"><path stroke="#767676" stroke-miterlimit="5" d="m8.75 12.188-5.143 2.51.982-5.318L.43 5.614l5.75-.776L8.75 0l2.572 4.838 5.75.776L12.91 9.38l.982 5.318-5.143-2.51z"></path></g></g></g></svg><svg xmlns="http://www.w3.org/2000/svg" width="10" height="20" viewBox="0 0 10 20" class="oct-icon" aria-hidden="true" aria-label="" style="height: 20px; width: auto; fill: rgb(242, 242, 242);"><g clip-path="url(#7gjj25igta)" transform="translate(-232 -2221)"><g clip-path="url(#dvqif6313b)" transform="translate(232 2221)"><g clip-path="url(#6r7ozri4zc)" transform="translate(-8.75 2.5)"><path stroke="#767676" stroke-miterlimit="5" d="m8.75 12.188-5.143 2.51.982-5.318L.43 5.614l5.75-.776L8.75 0l2.572 4.838 5.75.776L12.91 9.38l.982 5.318-5.143-2.51z"></path></g></g></g></svg></span></div><div class="oct-reviews__optionalText"> &amp; Up <span class="oct-reviews__optionalTextCount">(3280)</span></div></div></label><input type="radio" data-testid="input" id="RadioCount-3" class="oct-input-radio" tabindex="-1" readonly="" style=""></div></div><div aria-checked="false" aria-label="2 stars 3328 results" class="rating-facet__child" role="radio" tabindex="0"><div class="rating-facet__child__rating"></div><div class="oct-input-radio-container"><label class="oct-text oct-text--standard oct-text--size_s oct-input-radio__label" data-testid="label" for="RadioCount-2"><div class="oct-reviews"><div class="oct-reviews__icons" data-testid="reviews__icons"><span><svg xmlns="http://www.w3.org/2000/svg" width="10" height="20" viewBox="0 0 10 20" class="oct-icon" aria-hidden="true" aria-label="" style="height: 20px; width: auto; fill: rgb(255, 204, 0);"><g clip-path="url(#3b8wbmf19a)" transform="translate(-202 -2221)"><g clip-path="url(#n79ah32ilb)" transform="translate(202 2221)"><g clip-path="url(#h1bi9j7dcc)" transform="translate(1.25 2.5)"><path stroke="#767676" stroke-miterlimit="5" d="m8.75 12.188-5.143 2.51.982-5.318L.43 5.614l5.75-.776L8.75 0l2.572 4.838 5.75.776L12.91 9.38l.982 5.318-5.143-2.51z"></path></g></g></g></svg><svg xmlns="http://www.w3.org/2000/svg" width="10" height="20" viewBox="0 0 10 20" class="oct-icon" aria-hidden="true" aria-label="" style="height: 20px; width: auto; fill: rgb(255, 204, 0);"><g clip-path="url(#7gjj25igta)" transform="translate(-232 -2221)"><g clip-path="url(#dvqif6313b)" transform="translate(232 2221)"><g clip-path="url(#6r7ozri4zc)" transform="translate(-8.75 2.5)"><path stroke="#767676" stroke-miterlimit="5" d="m8.75 12.188-5.143 2.51.982-5.318L.43 5.614l5.75-.776L8.75 0l2.572 4.838 5.75.776L12.91 9.38l.982 5.318-5.143-2.51z"></path></g></g></g></svg></span><span><svg xmlns="http://www.w3.org/2000/svg" width="10" height="20" viewBox="0 0 10 20" class="oct-icon" aria-hidden="true" aria-label="" style="height: 20px; width: auto; fill: rgb(255, 204, 0);"><g clip-path="url(#3b8wbmf19a)" transform="translate(-202 -2221)"><g clip-path="url(#n79ah32ilb)" transform="translate(202 2221)"><g clip-path="url(#h1bi9j7dcc)" transform="translate(1.25 2.5)"><path stroke="#767676" stroke-miterlimit="5" d="m8.75 12.188-5.143 2.51.982-5.318L.43 5.614l5.75-.776L8.75 0l2.572 4.838 5.75.776L12.91 9.38l.982 5.318-5.143-2.51z"></path></g></g></g></svg><svg xmlns="http://www.w3.org/2000/svg" width="10" height="20" viewBox="0 0 10 20" class="oct-icon" aria-hidden="true" aria-label="" style="height: 20px; width: auto; fill: rgb(255, 204, 0);"><g clip-path="url(#7gjj25igta)" transform="translate(-232 -2221)"><g clip-path="url(#dvqif6313b)" transform="translate(232 2221)"><g clip-path="url(#6r7ozri4zc)" transform="translate(-8.75 2.5)"><path stroke="#767676" stroke-miterlimit="5" d="m8.75 12.188-5.143 2.51.982-5.318L.43 5.614l5.75-.776L8.75 0l2.572 4.838 5.75.776L12.91 9.38l.982 5.318-5.143-2.51z"></path></g></g></g></svg></span><span><svg xmlns="http://www.w3.org/2000/svg" width="10" height="20" viewBox="0 0 10 20" class="oct-icon" aria-hidden="true" aria-label="" style="height: 20px; width: auto; fill: rgb(242, 242, 242);"><g clip-path="url(#3b8wbmf19a)" transform="translate(-202 -2221)"><g clip-path="url(#n79ah32ilb)" transform="translate(202 2221)"><g clip-path="url(#h1bi9j7dcc)" transform="translate(1.25 2.5)"><path stroke="#767676" stroke-miterlimit="5" d="m8.75 12.188-5.143 2.51.982-5.318L.43 5.614l5.75-.776L8.75 0l2.572 4.838 5.75.776L12.91 9.38l.982 5.318-5.143-2.51z"></path></g></g></g></svg><svg xmlns="http://www.w3.org/2000/svg" width="10" height="20" viewBox="0 0 10 20" class="oct-icon" aria-hidden="true" aria-label="" style="height: 20px; width: auto; fill: rgb(242, 242, 242);"><g clip-path="url(#7gjj25igta)" transform="translate(-232 -2221)"><g clip-path="url(#dvqif6313b)" transform="translate(232 2221)"><g clip-path="url(#6r7ozri4zc)" transform="translate(-8.75 2.5)"><path stroke="#767676" stroke-miterlimit="5" d="m8.75 12.188-5.143 2.51.982-5.318L.43 5.614l5.75-.776L8.75 0l2.572 4.838 5.75.776L12.91 9.38l.982 5.318-5.143-2.51z"></path></g></g></g></svg></span><span><svg xmlns="http://www.w3.org/2000/svg" width="10" height="20" viewBox="0 0 10 20" class="oct-icon" aria-hidden="true" aria-label="" style="height: 20px; width: auto; fill: rgb(242, 242, 242);"><g clip-path="url(#3b8wbmf19a)" transform="translate(-202 -2221)"><g clip-path="url(#n79ah32ilb)" transform="translate(202 2221)"><g clip-path="url(#h1bi9j7dcc)" transform="translate(1.25 2.5)"><path stroke="#767676" stroke-miterlimit="5" d="m8.75 12.188-5.143 2.51.982-5.318L.43 5.614l5.75-.776L8.75 0l2.572 4.838 5.75.776L12.91 9.38l.982 5.318-5.143-2.51z"></path></g></g></g></svg><svg xmlns="http://www.w3.org/2000/svg" width="10" height="20" viewBox="0 0 10 20" class="oct-icon" aria-hidden="true" aria-label="" style="height: 20px; width: auto; fill: rgb(242, 242, 242);"><g clip-path="url(#7gjj25igta)" transform="translate(-232 -2221)"><g clip-path="url(#dvqif6313b)" transform="translate(232 2221)"><g clip-path="url(#6r7ozri4zc)" transform="translate(-8.75 2.5)"><path stroke="#767676" stroke-miterlimit="5" d="m8.75 12.188-5.143 2.51.982-5.318L.43 5.614l5.75-.776L8.75 0l2.572 4.838 5.75.776L12.91 9.38l.982 5.318-5.143-2.51z"></path></g></g></g></svg></span><span><svg xmlns="http://www.w3.org/2000/svg" width="10" height="20" viewBox="0 0 10 20" class="oct-icon" aria-hidden="true" aria-label="" style="height: 20px; width: auto; fill: rgb(242, 242, 242);"><g clip-path="url(#3b8wbmf19a)" transform="translate(-202 -2221)"><g clip-path="url(#n79ah32ilb)" transform="translate(202 2221)"><g clip-path="url(#h1bi9j7dcc)" transform="translate(1.25 2.5)"><path stroke="#767676" stroke-miterlimit="5" d="m8.75 12.188-5.143 2.51.982-5.318L.43 5.614l5.75-.776L8.75 0l2.572 4.838 5.75.776L12.91 9.38l.982 5.318-5.143-2.51z"></path></g></g></g></svg><svg xmlns="http://www.w3.org/2000/svg" width="10" height="20" viewBox="0 0 10 20" class="oct-icon" aria-hidden="true" aria-label="" style="height: 20px; width: auto; fill: rgb(242, 242, 242);"><g clip-path="url(#7gjj25igta)" transform="translate(-232 -2221)"><g clip-path="url(#dvqif6313b)" transform="translate(232 2221)"><g clip-path="url(#6r7ozri4zc)" transform="translate(-8.75 2.5)"><path stroke="#767676" stroke-miterlimit="5" d="m8.75 12.188-5.143 2.51.982-5.318L.43 5.614l5.75-.776L8.75 0l2.572 4.838 5.75.776L12.91 9.38l.982 5.318-5.143-2.51z"></path></g></g></g></svg></span></div><div class="oct-reviews__optionalText"> &amp; Up <span class="oct-reviews__optionalTextCount">(3328)</span></div></div></label><input type="radio" data-testid="input" id="RadioCount-2" class="oct-input-radio" tabindex="-1" readonly="" style=""></div></div><div aria-checked="false" aria-label="1 stars 3349 results" class="rating-facet__child" role="radio" tabindex="0"><div class="rating-facet__child__rating"></div><div class="oct-input-radio-container"><label class="oct-text oct-text--standard oct-text--size_s oct-input-radio__label" data-testid="label" for="RadioCount-1"><div class="oct-reviews"><div class="oct-reviews__icons" data-testid="reviews__icons"><span><svg xmlns="http://www.w3.org/2000/svg" width="10" height="20" viewBox="0 0 10 20" class="oct-icon" aria-hidden="true" aria-label="" style="height: 20px; width: auto; fill: rgb(255, 204, 0);"><g clip-path="url(#3b8wbmf19a)" transform="translate(-202 -2221)"><g clip-path="url(#n79ah32ilb)" transform="translate(202 2221)"><g clip-path="url(#h1bi9j7dcc)" transform="translate(1.25 2.5)"><path stroke="#767676" stroke-miterlimit="5" d="m8.75 12.188-5.143 2.51.982-5.318L.43 5.614l5.75-.776L8.75 0l2.572 4.838 5.75.776L12.91 9.38l.982 5.318-5.143-2.51z"></path></g></g></g></svg><svg xmlns="http://www.w3.org/2000/svg" width="10" height="20" viewBox="0 0 10 20" class="oct-icon" aria-hidden="true" aria-label="" style="height: 20px; width: auto; fill: rgb(255, 204, 0);"><g clip-path="url(#7gjj25igta)" transform="translate(-232 -2221)"><g clip-path="url(#dvqif6313b)" transform="translate(232 2221)"><g clip-path="url(#6r7ozri4zc)" transform="translate(-8.75 2.5)"><path stroke="#767676" stroke-miterlimit="5" d="m8.75 12.188-5.143 2.51.982-5.318L.43 5.614l5.75-.776L8.75 0l2.572 4.838 5.75.776L12.91 9.38l.982 5.318-5.143-2.51z"></path></g></g></g></svg></span><span><svg xmlns="http://www.w3.org/2000/svg" width="10" height="20" viewBox="0 0 10 20" class="oct-icon" aria-hidden="true" aria-label="" style="height: 20px; width: auto; fill: rgb(242, 242, 242);"><g clip-path="url(#3b8wbmf19a)" transform="translate(-202 -2221)"><g clip-path="url(#n79ah32ilb)" transform="translate(202 2221)"><g clip-path="url(#h1bi9j7dcc)" transform="translate(1.25 2.5)"><path stroke="#767676" stroke-miterlimit="5" d="m8.75 12.188-5.143 2.51.982-5.318L.43 5.614l5.75-.776L8.75 0l2.572 4.838 5.75.776L12.91 9.38l.982 5.318-5.143-2.51z"></path></g></g></g></svg><svg xmlns="http://www.w3.org/2000/svg" width="10" height="20" viewBox="0 0 10 20" class="oct-icon" aria-hidden="true" aria-label="" style="height: 20px; width: auto; fill: rgb(242, 242, 242);"><g clip-path="url(#7gjj25igta)" transform="translate(-232 -2221)"><g clip-path="url(#dvqif6313b)" transform="translate(232 2221)"><g clip-path="url(#6r7ozri4zc)" transform="translate(-8.75 2.5)"><path stroke="#767676" stroke-miterlimit="5" d="m8.75 12.188-5.143 2.51.982-5.318L.43 5.614l5.75-.776L8.75 0l2.572 4.838 5.75.776L12.91 9.38l.982 5.318-5.143-2.51z"></path></g></g></g></svg></span><span><svg xmlns="http://www.w3.org/2000/svg" width="10" height="20" viewBox="0 0 10 20" class="oct-icon" aria-hidden="true" aria-label="" style="height: 20px; width: auto; fill: rgb(242, 242, 242);"><g clip-path="url(#3b8wbmf19a)" transform="translate(-202 -2221)"><g clip-path="url(#n79ah32ilb)" transform="translate(202 2221)"><g clip-path="url(#h1bi9j7dcc)" transform="translate(1.25 2.5)"><path stroke="#767676" stroke-miterlimit="5" d="m8.75 12.188-5.143 2.51.982-5.318L.43 5.614l5.75-.776L8.75 0l2.572 4.838 5.75.776L12.91 9.38l.982 5.318-5.143-2.51z"></path></g></g></g></svg><svg xmlns="http://www.w3.org/2000/svg" width="10" height="20" viewBox="0 0 10 20" class="oct-icon" aria-hidden="true" aria-label="" style="height: 20px; width: auto; fill: rgb(242, 242, 242);"><g clip-path="url(#7gjj25igta)" transform="translate(-232 -2221)"><g clip-path="url(#dvqif6313b)" transform="translate(232 2221)"><g clip-path="url(#6r7ozri4zc)" transform="translate(-8.75 2.5)"><path stroke="#767676" stroke-miterlimit="5" d="m8.75 12.188-5.143 2.51.982-5.318L.43 5.614l5.75-.776L8.75 0l2.572 4.838 5.75.776L12.91 9.38l.982 5.318-5.143-2.51z"></path></g></g></g></svg></span><span><svg xmlns="http://www.w3.org/2000/svg" width="10" height="20" viewBox="0 0 10 20" class="oct-icon" aria-hidden="true" aria-label="" style="height: 20px; width: auto; fill: rgb(242, 242, 242);"><g clip-path="url(#3b8wbmf19a)" transform="translate(-202 -2221)"><g clip-path="url(#n79ah32ilb)" transform="translate(202 2221)"><g clip-path="url(#h1bi9j7dcc)" transform="translate(1.25 2.5)"><path stroke="#767676" stroke-miterlimit="5" d="m8.75 12.188-5.143 2.51.982-5.318L.43 5.614l5.75-.776L8.75 0l2.572 4.838 5.75.776L12.91 9.38l.982 5.318-5.143-2.51z"></path></g></g></g></svg><svg xmlns="http://www.w3.org/2000/svg" width="10" height="20" viewBox="0 0 10 20" class="oct-icon" aria-hidden="true" aria-label="" style="height: 20px; width: auto; fill: rgb(242, 242, 242);"><g clip-path="url(#7gjj25igta)" transform="translate(-232 -2221)"><g clip-path="url(#dvqif6313b)" transform="translate(232 2221)"><g clip-path="url(#6r7ozri4zc)" transform="translate(-8.75 2.5)"><path stroke="#767676" stroke-miterlimit="5" d="m8.75 12.188-5.143 2.51.982-5.318L.43 5.614l5.75-.776L8.75 0l2.572 4.838 5.75.776L12.91 9.38l.982 5.318-5.143-2.51z"></path></g></g></g></svg></span><span><svg xmlns="http://www.w3.org/2000/svg" width="10" height="20" viewBox="0 0 10 20" class="oct-icon" aria-hidden="true" aria-label="" style="height: 20px; width: auto; fill: rgb(242, 242, 242);"><g clip-path="url(#3b8wbmf19a)" transform="translate(-202 -2221)"><g clip-path="url(#n79ah32ilb)" transform="translate(202 2221)"><g clip-path="url(#h1bi9j7dcc)" transform="translate(1.25 2.5)"><path stroke="#767676" stroke-miterlimit="5" d="m8.75 12.188-5.143 2.51.982-5.318L.43 5.614l5.75-.776L8.75 0l2.572 4.838 5.75.776L12.91 9.38l.982 5.318-5.143-2.51z"></path></g></g></g></svg><svg xmlns="http://www.w3.org/2000/svg" width="10" height="20" viewBox="0 0 10 20" class="oct-icon" aria-hidden="true" aria-label="" style="height: 20px; width: auto; fill: rgb(242, 242, 242);"><g clip-path="url(#7gjj25igta)" transform="translate(-232 -2221)"><g clip-path="url(#dvqif6313b)" transform="translate(232 2221)"><g clip-path="url(#6r7ozri4zc)" transform="translate(-8.75 2.5)"><path stroke="#767676" stroke-miterlimit="5" d="m8.75 12.188-5.143 2.51.982-5.318L.43 5.614l5.75-.776L8.75 0l2.572 4.838 5.75.776L12.91 9.38l.982 5.318-5.143-2.51z"></path></g></g></g></svg></span></div><div class="oct-reviews__optionalText"> &amp; Up <span class="oct-reviews__optionalTextCount">(3349)</span></div></div></label><input type="radio" data-testid="input" id="RadioCount-1" class="oct-input-radio" tabindex="-1" readonly="" style=""></div></div></div></div></div></div></div></div></li><li class="oct-listers-facets__item oct-listers-facets__item--promotionalText"><div class="checkbox-list-facet facet"><div class="oct-accordion" data-testid="oct-accordion"><div class="oct-accordion__item oct-accordion__item--noTransition"><button role="" class="oct-accordion__toggle oct-accordion__toggle--open" aria-expanded="true" aria-label="Promotions"><div class="oct-accordion__toggle-wrapper"><div class="oct-accordion__text-wrapper"><h2 class="oct-text oct-text--standard oct-text--size_m oct-aem-text oct-aem-text--h2--variant-1 oct-accordion__text--primary" data-testid="text">Promotions</h2></div><div class="oct-accordion__icon-wrapper"><div class="symbol"></div></div></div></button><div><div class="oct-accordion__pannel oct-accordion__pannel--open" role="region"><div class="checkbox-list-facet__searchbox facet__searchbox"><div class="oct-input__iconContainer"><div></div><input type="text" class="oct-input" placeholder="Search Promotions" title="Search Promotions" value="" style=""><svg xmlns="http://www.w3.org/2000/svg" width="20" height="20" viewBox="0 0 20 20" role="img" class="oct-icon oct-input__icon oct-input__icon--right" aria-hidden="true" aria-label="" data-testid="right-icon" style="height: 20px; width: 30px; fill: black;"><g fill="unset" fill-rule="evenodd"><g fill="unset"><path d="M18.75 17.869l-4.719-4.744c2.344-2.827 2.051-6.997-.664-9.47-2.715-2.473-6.894-2.375-9.49.222-2.597 2.596-2.695 6.775-.222 9.49s6.643 3.008 9.47.664l4.744 4.719.881-.881zM3.125 8.75c0-3.107 2.518-5.625 5.625-5.625s5.625 2.518 5.625 5.625-2.518 5.625-5.625 5.625-5.625-2.518-5.625-5.625z"></path></g></g></svg></div></div><ul class="checkbox-list-facet__children facet__children level-1"><li class="checkbox-list-facet__child facet__child"><label class="oct-checkbox"><input class="oct-checkbox__input" type="checkbox" data-testid="checkbox-input" value="" style=""><svg width="32px" height="32px" viewBox="0 0 32 32" version="1.1" xmlns="http://www.w3.org/2000/svg" xmlns:xlink="http://www.w3.org/1999/xlink" role="img" class="oct-icon" aria-hidden="true" aria-label="" style="height: 20px; width: 20px; fill: white;"><g stroke="none" stroke-width="1" fill-rule="evenodd"><polygon points="13 21.2 5.9 14.1 4.5 15.5 11.6 22.6 13 24 27.1 9.9 25.7 8.4"></polygon></g></svg><span data-testid="checkbox-label" class="checkbox__label">Save up to 25 percent on selected Premium Beauty<span class="checkbox-list-facet__child__count facet__child__count">(117)</span></span></label></li><li class="checkbox-list-facet__child facet__child"><label class="oct-checkbox"><input class="oct-checkbox__input" type="checkbox" data-testid="checkbox-input" value="" style=""><svg width="32px" height="32px" viewBox="0 0 32 32" version="1.1" xmlns="http://www.w3.org/2000/svg" xmlns:xlink="http://www.w3.org/1999/xlink" role="img" class="oct-icon" aria-hidden="true" aria-label="" style="height: 20px; width: 20px; fill: white;"><g stroke="none" stroke-width="1" fill-rule="evenodd"><polygon points="13 21.2 5.9 14.1 4.5 15.5 11.6 22.6 13 24 27.1 9.9 25.7 8.4"></polygon></g></svg><span data-testid="checkbox-label" class="checkbox__label">Save 10 percent on selected Boots Brand with your Advantage Card - discount applied at basket<span class="checkbox-list-facet__child__count facet__child__count">(11)</span></span></label></li><li class="checkbox-list-facet__child facet__child"><label class="oct-checkbox"><input class="oct-checkbox__input" type="checkbox" data-testid="checkbox-input" value="" style=""><svg width="32px" height="32px" viewBox="0 0 32 32" version="1.1" xmlns="http://www.w3.org/2000/svg" xmlns:xlink="http://www.w3.org/1999/xlink" role="img" class="oct-icon" aria-hidden="true" aria-label="" style="height: 20px; width: 20px; fill: white;"><g stroke="none" stroke-width="1" fill-rule="evenodd"><polygon points="13 21.2 5.9 14.1 4.5 15.5 11.6 22.6 13 24 27.1 9.9 25.7 8.4"></polygon></g></svg><span data-testid="checkbox-label" class="checkbox__label">Save 10 percent on selected Beauty Skincare<span class="checkbox-list-facet__child__count facet__child__count">(7)</span></span></label></li><li class="checkbox-list-facet__child facet__child"><label class="oct-checkbox"><input class="oct-checkbox__input" type="checkbox" data-testid="checkbox-input" value="" style=""><svg width="32px" height="32px" viewBox="0 0 32 32" version="1.1" xmlns="http://www.w3.org/2000/svg" xmlns:xlink="http://www.w3.org/1999/xlink" role="img" class="oct-icon" aria-hidden="true" aria-label="" style="height: 20px; width: 20px; fill: white;"><g stroke="none" stroke-width="1" fill-rule="evenodd"><polygon points="13 21.2 5.9 14.1 4.5 15.5 11.6 22.6 13 24 27.1 9.9 25.7 8.4"></polygon></g></svg><span data-testid="checkbox-label" class="checkbox__label">Free Gift when you spend £55 on selected Clinique - online only, whilst stocks last<span class="checkbox-list-facet__child__count facet__child__count">(6)</span></span></label></li><li class="checkbox-list-facet__child facet__child"><label class="oct-checkbox"><input class="oct-checkbox__input" type="checkbox" data-testid="checkbox-input" value="" style=""><svg width="32px" height="32px" viewBox="0 0 32 32" version="1.1" xmlns="http://www.w3.org/2000/svg" xmlns:xlink="http://www.w3.org/1999/xlink" role="img" class="oct-icon" aria-hidden="true" aria-label="" style="height: 20px; width: 20px; fill: white;"><g stroke="none" stroke-width="1" fill-rule="evenodd"><polygon points="13 21.2 5.9 14.1 4.5 15.5 11.6 22.6 13 24 27.1 9.9 25.7 8.4"></polygon></g></svg><span data-testid="checkbox-label" class="checkbox__label">Save an extra 10 percent on selected La Roche-Posay, CeraVe and Vichy with code DERM10 - online only<span class="checkbox-list-facet__child__count facet__child__count">(5)</span></span></label></li><li class="checkbox-list-facet__child facet__child"><label class="oct-checkbox"><input class="oct-checkbox__input" type="checkbox" data-testid="checkbox-input" value="" style=""><svg width="32px" height="32px" viewBox="0 0 32 32" version="1.1" xmlns="http://www.w3.org/2000/svg" xmlns:xlink="http://www.w3.org/1999/xlink" role="img" class="oct-icon" aria-hidden="true" aria-label="" style="height: 20px; width: 20px; fill: white;"><g stroke="none" stroke-width="1" fill-rule="evenodd"><polygon points="13 21.2 5.9 14.1 4.5 15.5 11.6 22.6 13 24 27.1 9.9 25.7 8.4"></polygon></g></svg><span data-testid="checkbox-label" class="checkbox__label">Free gift worth over £49 when you spend £75 on selected Shiseido products - online only, whilst stocks last<span class="checkbox-list-facet__child__count facet__child__count">(4)</span></span></label></li><li class="checkbox-list-facet__child facet__child"><label class="oct-checkbox"><input class="oct-checkbox__input" type="checkbox" data-testid="checkbox-input" value="" style=""><svg width="32px" height="32px" viewBox="0 0 32 32" version="1.1" xmlns="http://www.w3.org/2000/svg" xmlns:xlink="http://www.w3.org/1999/xlink" role="img" class="oct-icon" aria-hidden="true" aria-label="" style="height: 20px; width: 20px; fill: white;"><g stroke="none" stroke-width="1" fill-rule="evenodd"><polygon points="13 21.2 5.9 14.1 4.5 15.5 11.6 22.6 13 24 27.1 9.9 25.7 8.4"></polygon></g></svg><span data-testid="checkbox-label" class="checkbox__label">Great Savings on Mother's Day gifts<span class="checkbox-list-facet__child__count facet__child__count">(4)</span></span></label></li><li class="checkbox-list-facet__child facet__child"><label class="oct-checkbox"><input class="oct-checkbox__input" type="checkbox" data-testid="checkbox-input" value="" style=""><svg width="32px" height="32px" viewBox="0 0 32 32" version="1.1" xmlns="http://www.w3.org/2000/svg" xmlns:xlink="http://www.w3.org/1999/xlink" role="img" class="oct-icon" aria-hidden="true" aria-label="" style="height: 20px; width: 20px; fill: white;"><g stroke="none" stroke-width="1" fill-rule="evenodd"><polygon points="13 21.2 5.9 14.1 4.5 15.5 11.6 22.6 13 24 27.1 9.9 25.7 8.4"></polygon></g></svg><span data-testid="checkbox-label" class="checkbox__label">Save up to 25 percent on selected makeup<span class="checkbox-list-facet__child__count facet__child__count">(4)</span></span></label></li><li class="checkbox-list-facet__child facet__child"><label class="oct-checkbox"><input class="oct-checkbox__input" type="checkbox" data-testid="checkbox-input" value="" style=""><svg width="32px" height="32px" viewBox="0 0 32 32" version="1.1" xmlns="http://www.w3.org/2000/svg" xmlns:xlink="http://www.w3.org/1999/xlink" role="img" class="oct-icon" aria-hidden="true" aria-label="" style="height: 20px; width: 20px; fill: white;"><g stroke="none" stroke-width="1" fill-rule="evenodd"><polygon points="13 21.2 5.9 14.1 4.5 15.5 11.6 22.6 13 24 27.1 9.9 25.7 8.4"></polygon></g></svg><span data-testid="checkbox-label" class="checkbox__label">Free gift when you buy 2 selected Lancome products, 1 to be skincare - whilst stocks last<span class="checkbox-list-facet__child__count facet__child__count">(3)</span></span></label></li><li class="checkbox-list-facet__child facet__child"><label class="oct-checkbox"><input class="oct-checkbox__input" type="checkbox" data-testid="checkbox-input" value="" style=""><svg width="32px" height="32px" viewBox="0 0 32 32" version="1.1" xmlns="http://www.w3.org/2000/svg" xmlns:xlink="http://www.w3.org/1999/xlink" role="img" class="oct-icon" aria-hidden="true" aria-label="" style="height: 20px; width: 20px; fill: white;"><g stroke="none" stroke-width="1" fill-rule="evenodd"><polygon points="13 21.2 5.9 14.1 4.5 15.5 11.6 22.6 13 24 27.1 9.9 25.7 8.4"></polygon></g></svg><span data-testid="checkbox-label" class="checkbox__label">Save 20 percent on selected Seoulista Beauty<span class="checkbox-list-facet__child__count facet__child__count">(3)</span></span></label></li></ul><button data-testid="button" class="oct-button oct-button--default oct-button--default-default oct-button--default-default-responsive checkbox-list-facet__view-all facet__view-all" aria-label="View all"><div class="oct-button__content">View all</div></button></div></div></div></div></div></li><li class="oct-listers-facets__item oct-listers-facets__item--product_type"><div class="checkbox-list-facet facet"><div class="oct-accordion" data-testid="oct-accordion"><div class="oct-accordion__item oct-accordion__item--noTransition"><button role="" class="oct-accordion__toggle oct-accordion__toggle--closed" aria-expanded="false" aria-label="Product type"><div class="oct-accordion__toggle-wrapper"><div class="oct-accordion__text-wrapper"><h2 class="oct-text oct-text--standard oct-text--size_m oct-aem-text oct-aem-text--h2--variant-1 oct-accordion__text--primary" data-testid="text">Product type</h2></div><div class="oct-accordion__icon-wrapper"><div class="symbol"></div></div></div></button><div><div class="oct-accordion__pannel oct-accordion--hidden" role="region"><ul class="checkbox-list-facet__children facet__children level-1"><li class="checkbox-list-facet__child facet__child"><label class="oct-checkbox"><input class="oct-checkbox__input" type="checkbox" data-testid="checkbox-input" value="" style=""><svg width="32px" height="32px" viewBox="0 0 32 32" version="1.1" xmlns="http://www.w3.org/2000/svg" xmlns:xlink="http://www.w3.org/1999/xlink" role="img" class="oct-icon" aria-hidden="true" aria-label="" style="height: 20px; width: 20px; fill: white;"><g stroke="none" stroke-width="1" fill-rule="evenodd"><polygon points="13 21.2 5.9 14.1 4.5 15.5 11.6 22.6 13 24 27.1 9.9 25.7 8.4"></polygon></g></svg><span data-testid="checkbox-label" class="checkbox__label">Moisturiser<span class="checkbox-list-facet__child__count facet__child__count">(48)</span></span></label></li><li class="checkbox-list-facet__child facet__child"><label class="oct-checkbox"><input class="oct-checkbox__input" type="checkbox" data-testid="checkbox-input" value="" style=""><svg width="32px" height="32px" viewBox="0 0 32 32" version="1.1" xmlns="http://www.w3.org/2000/svg" xmlns:xlink="http://www.w3.org/1999/xlink" role="img" class="oct-icon" aria-hidden="true" aria-label="" style="height: 20px; width: 20px; fill: white;"><g stroke="none" stroke-width="1" fill-rule="evenodd"><polygon points="13 21.2 5.9 14.1 4.5 15.5 11.6 22.6 13 24 27.1 9.9 25.7 8.4"></polygon></g></svg><span data-testid="checkbox-label" class="checkbox__label">Cleanser<span class="checkbox-list-facet__child__count facet__child__count">(25)</span></span></label></li><li class="checkbox-list-facet__child facet__child"><label class="oct-checkbox"><input class="oct-checkbox__input" type="checkbox" data-testid="checkbox-input" value="" style=""><svg width="32px" height="32px" viewBox="0 0 32 32" version="1.1" xmlns="http://www.w3.org/2000/svg" xmlns:xlink="http://www.w3.org/1999/xlink" role="img" class="oct-icon" aria-hidden="true" aria-label="" style="height: 20px; width: 20px; fill: white;"><g stroke="none" stroke-width="1" fill-rule="evenodd"><polygon points="13 21.2 5.9 14.1 4.5 15.5 11.6 22.6 13 24 27.1 9.9 25.7 8.4"></polygon></g></svg><span data-testid="checkbox-label" class="checkbox__label">Face mask<span class="checkbox-list-facet__child__count facet__child__count">(23)</span></span></label></li><li class="checkbox-list-facet__child facet__child"><label class="oct-checkbox"><input class="oct-checkbox__input" type="checkbox" data-testid="checkbox-input" value="" style=""><svg width="32px" height="32px" viewBox="0 0 32 32" version="1.1" xmlns="http://www.w3.org/2000/svg" xmlns:xlink="http://www.w3.org/1999/xlink" role="img" class="oct-icon" aria-hidden="true" aria-label="" style="height: 20px; width: 20px; fill: white;"><g stroke="none" stroke-width="1" fill-rule="evenodd"><polygon points="13 21.2 5.9 14.1 4.5 15.5 11.6 22.6 13 24 27.1 9.9 25.7 8.4"></polygon></g></svg><span data-testid="checkbox-label" class="checkbox__label">Gift set<span class="checkbox-list-facet__child__count facet__child__count">(23)</span></span></label></li><li class="checkbox-list-facet__child facet__child"><label class="oct-checkbox"><input class="oct-checkbox__input" type="checkbox" data-testid="checkbox-input" value="" style=""><svg width="32px" height="32px" viewBox="0 0 32 32" version="1.1" xmlns="http://www.w3.org/2000/svg" xmlns:xlink="http://www.w3.org/1999/xlink" role="img" class="oct-icon" aria-hidden="true" aria-label="" style="height: 20px; width: 20px; fill: white;"><g stroke="none" stroke-width="1" fill-rule="evenodd"><polygon points="13 21.2 5.9 14.1 4.5 15.5 11.6 22.6 13 24 27.1 9.9 25.7 8.4"></polygon></g></svg><span data-testid="checkbox-label" class="checkbox__label">Serum<span class="checkbox-list-facet__child__count facet__child__count">(21)</span></span></label></li><li class="checkbox-list-facet__child facet__child"><label class="oct-checkbox"><input class="oct-checkbox__input" type="checkbox" data-testid="checkbox-input" value="" style=""><svg width="32px" height="32px" viewBox="0 0 32 32" version="1.1" xmlns="http://www.w3.org/2000/svg" xmlns:xlink="http://www.w3.org/1999/xlink" role="img" class="oct-icon" aria-hidden="true" aria-label="" style="height: 20px; width: 20px; fill: white;"><g stroke="none" stroke-width="1" fill-rule="evenodd"><polygon points="13 21.2 5.9 14.1 4.5 15.5 11.6 22.6 13 24 27.1 9.9 25.7 8.4"></polygon></g></svg><span data-testid="checkbox-label" class="checkbox__label">Toner<span class="checkbox-list-facet__child__count facet__child__count">(16)</span></span></label></li><li class="checkbox-list-facet__child facet__child"><label class="oct-checkbox"><input class="oct-checkbox__input" type="checkbox" data-testid="checkbox-input" value="" style=""><svg width="32px" height="32px" viewBox="0 0 32 32" version="1.1" xmlns="http://www.w3.org/2000/svg" xmlns:xlink="http://www.w3.org/1999/xlink" role="img" class="oct-icon" aria-hidden="true" aria-label="" style="height: 20px; width: 20px; fill: white;"><g stroke="none" stroke-width="1" fill-rule="evenodd"><polygon points="13 21.2 5.9 14.1 4.5 15.5 11.6 22.6 13 24 27.1 9.9 25.7 8.4"></polygon></g></svg><span data-testid="checkbox-label" class="checkbox__label">Body scrub<span class="checkbox-list-facet__child__count facet__child__count">(12)</span></span></label></li><li class="checkbox-list-facet__child facet__child"><label class="oct-checkbox"><input class="oct-checkbox__input" type="checkbox" data-testid="checkbox-input" value="" style=""><svg width="32px" height="32px" viewBox="0 0 32 32" version="1.1" xmlns="http://www.w3.org/2000/svg" xmlns:xlink="http://www.w3.org/1999/xlink" role="img" class="oct-icon" aria-hidden="true" aria-label="" style="height: 20px; width: 20px; fill: white;"><g stroke="none" stroke-width="1" fill-rule="evenodd"><polygon points="13 21.2 5.9 14.1 4.5 15.5 11.6 22.6 13 24 27.1 9.9 25.7 8.4"></polygon></g></svg><span data-testid="checkbox-label" class="checkbox__label">Sun cream<span class="checkbox-list-facet__child__count facet__child__count">(12)</span></span></label></li><li class="checkbox-list-facet__child facet__child"><label class="oct-checkbox"><input class="oct-checkbox__input" type="checkbox" data-testid="checkbox-input" value="" style=""><svg width="32px" height="32px" viewBox="0 0 32 32" version="1.1" xmlns="http://www.w3.org/2000/svg" xmlns:xlink="http://www.w3.org/1999/xlink" role="img" class="oct-icon" aria-hidden="true" aria-label="" style="height: 20px; width: 20px; fill: white;"><g stroke="none" stroke-width="1" fill-rule="evenodd"><polygon points="13 21.2 5.9 14.1 4.5 15.5 11.6 22.6 13 24 27.1 9.9 25.7 8.4"></polygon></g></svg><span data-testid="checkbox-label" class="checkbox__label">Hand cream<span class="checkbox-list-facet__child__count facet__child__count">(11)</span></span></label></li><li class="checkbox-list-facet__child facet__child"><label class="oct-checkbox"><input class="oct-checkbox__input" type="checkbox" data-testid="checkbox-input" value="" style=""><svg width="32px" height="32px" viewBox="0 0 32 32" version="1.1" xmlns="http://www.w3.org/2000/svg" xmlns:xlink="http://www.w3.org/1999/xlink" role="img" class="oct-icon" aria-hidden="true" aria-label="" style="height: 20px; width: 20px; fill: white;"><g stroke="none" stroke-width="1" fill-rule="evenodd"><polygon points="13 21.2 5.9 14.1 4.5 15.5 11.6 22.6 13 24 27.1 9.9 25.7 8.4"></polygon></g></svg><span data-testid="checkbox-label" class="checkbox__label">Eye cream<span class="checkbox-list-facet__child__count facet__child__count">(10)</span></span></label></li></ul><button data-testid="button" class="oct-button oct-button--default oct-button--default-default oct-button--default-default-responsive checkbox-list-facet__view-all facet__view-all" aria-label="View all"><div class="oct-button__content">View all</div></button></div></div></div></div></div></li><li class="oct-listers-facets__item oct-listers-facets__item--gender"><div class="checkbox-list-facet facet"><div class="oct-accordion" data-testid="oct-accordion"><div class="oct-accordion__item oct-accordion__item--noTransition"><button role="" class="oct-accordion__toggle oct-accordion__toggle--closed" aria-expanded="false" aria-label="Gender"><div class="oct-accordion__toggle-wrapper"><div class="oct-accordion__text-wrapper"><h2 class="oct-text oct-text--standard oct-text--size_m oct-aem-text oct-aem-text--h2--variant-1 oct-accordion__text--primary" data-testid="text">Gender</h2></div><div class="oct-accordion__icon-wrapper"><div class="symbol"></div></div></div></button><div><div class="oct-accordion__pannel oct-accordion--hidden" role="region"><ul class="checkbox-list-facet__children facet__children level-1"><li class="checkbox-list-facet__child facet__child"><label class="oct-checkbox"><input class="oct-checkbox__input" type="checkbox" data-testid="checkbox-input" value="" style=""><svg width="32px" height="32px" viewBox="0 0 32 32" version="1.1" xmlns="http://www.w3.org/2000/svg" xmlns:xlink="http://www.w3.org/1999/xlink" role="img" class="oct-icon" aria-hidden="true" aria-label="" style="height: 20px; width: 20px; fill: white;"><g stroke="none" stroke-width="1" fill-rule="evenodd"><polygon points="13 21.2 5.9 14.1 4.5 15.5 11.6 22.6 13 24 27.1 9.9 25.7 8.4"></polygon></g></svg><span data-testid="checkbox-label" class="checkbox__label">Unisex<span class="checkbox-list-facet__child__count facet__child__count">(46)</span></span></label></li><li class="checkbox-list-facet__child facet__child"><label class="oct-checkbox"><input class="oct-checkbox__input" type="checkbox" data-testid="checkbox-input" value="" style=""><svg width="32px" height="32px" viewBox="0 0 32 32" version="1.1" xmlns="http://www.w3.org/2000/svg" xmlns:xlink="http://www.w3.org/1999/xlink" role="img" class="oct-icon" aria-hidden="true" aria-label="" style="height: 20px; width: 20px; fill: white;"><g stroke="none" stroke-width="1" fill-rule="evenodd"><polygon points="13 21.2 5.9 14.1 4.5 15.5 11.6 22.6 13 24 27.1 9.9 25.7 8.4"></polygon></g></svg><span data-testid="checkbox-label" class="checkbox__label">Womens<span class="checkbox-list-facet__child__count facet__child__count">(28)</span></span></label></li><li class="checkbox-list-facet__child facet__child"><label class="oct-checkbox"><input class="oct-checkbox__input" type="checkbox" data-testid="checkbox-input" value="" style=""><svg width="32px" height="32px" viewBox="0 0 32 32" version="1.1" xmlns="http://www.w3.org/2000/svg" xmlns:xlink="http://www.w3.org/1999/xlink" role="img" class="oct-icon" aria-hidden="true" aria-label="" style="height: 20px; width: 20px; fill: white;"><g stroke="none" stroke-width="1" fill-rule="evenodd"><polygon points="13 21.2 5.9 14.1 4.5 15.5 11.6 22.6 13 24 27.1 9.9 25.7 8.4"></polygon></g></svg><span data-testid="checkbox-label" class="checkbox__label">Mens<span class="checkbox-list-facet__child__count facet__child__count">(24)</span></span></label></li></ul></div></div></div></div></div></li><li class="oct-listers-facets__item oct-listers-facets__item--size"><div class="checkbox-list-facet facet"><div class="oct-accordion" data-testid="oct-accordion"><div class="oct-accordion__item oct-accordion__item--noTransition"><button role="" class="oct-accordion__toggle oct-accordion__toggle--closed" aria-expanded="false" aria-label="Size"><div class="oct-accordion__toggle-wrapper"><div class="oct-accordion__text-wrapper"><h2 class="oct-text oct-text--standard oct-text--size_m oct-aem-text oct-aem-text--h2--variant-1 oct-accordion__text--primary" data-testid="text">Size</h2></div><div class="oct-accordion__icon-wrapper"><div class="symbol"></div></div></div></button><div><div class="oct-accordion__pannel oct-accordion--hidden" role="region"><ul class="checkbox-list-facet__children facet__children level-1"><li class="checkbox-list-facet__child facet__child"><label class="oct-checkbox"><input class="oct-checkbox__input" type="checkbox" data-testid="checkbox-input" value="" style=""><svg width="32px" height="32px" viewBox="0 0 32 32" version="1.1" xmlns="http://www.w3.org/2000/svg" xmlns:xlink="http://www.w3.org/1999/xlink" role="img" class="oct-icon" aria-hidden="true" aria-label="" style="height: 20px; width: 20px; fill: white;"><g stroke="none" stroke-width="1" fill-rule="evenodd"><polygon points="13 21.2 5.9 14.1 4.5 15.5 11.6 22.6 13 24 27.1 9.9 25.7 8.4"></polygon></g></svg><span data-testid="checkbox-label" class="checkbox__label">41-50<span class="checkbox-list-facet__child__count facet__child__count">(13)</span></span></label></li><li class="checkbox-list-facet__child facet__child"><label class="oct-checkbox"><input class="oct-checkbox__input" type="checkbox" data-testid="checkbox-input" value="" style=""><svg width="32px" height="32px" viewBox="0 0 32 32" version="1.1" xmlns="http://www.w3.org/2000/svg" xmlns:xlink="http://www.w3.org/1999/xlink" role="img" class="oct-icon" aria-hidden="true" aria-label="" style="height: 20px; width: 20px; fill: white;"><g stroke="none" stroke-width="1" fill-rule="evenodd"><polygon points="13 21.2 5.9 14.1 4.5 15.5 11.6 22.6 13 24 27.1 9.9 25.7 8.4"></polygon></g></svg><span data-testid="checkbox-label" class="checkbox__label">21-30<span class="checkbox-list-facet__child__count facet__child__count">(11)</span></span></label></li><li class="checkbox-list-facet__child facet__child"><label class="oct-checkbox"><input class="oct-checkbox__input" type="checkbox" data-testid="checkbox-input" value="" style=""><svg width="32px" height="32px" viewBox="0 0 32 32" version="1.1" xmlns="http://www.w3.org/2000/svg" xmlns:xlink="http://www.w3.org/1999/xlink" role="img" class="oct-icon" aria-hidden="true" aria-label="" style="height: 20px; width: 20px; fill: white;"><g stroke="none" stroke-width="1" fill-rule="evenodd"><polygon points="13 21.2 5.9 14.1 4.5 15.5 11.6 22.6 13 24 27.1 9.9 25.7 8.4"></polygon></g></svg><span data-testid="checkbox-label" class="checkbox__label">201-499<span class="checkbox-list-facet__child__count facet__child__count">(10)</span></span></label></li><li class="checkbox-list-facet__child facet__child"><label class="oct-checkbox"><input class="oct-checkbox__input" type="checkbox" data-testid="checkbox-input" value="" style=""><svg width="32px" height="32px" viewBox="0 0 32 32" version="1.1" xmlns="http://www.w3.org/2000/svg" xmlns:xlink="http://www.w3.org/1999/xlink" role="img" class="oct-icon" aria-hidden="true" aria-label="" style="height: 20px; width: 20px; fill: white;"><g stroke="none" stroke-width="1" fill-rule="evenodd"><polygon points="13 21.2 5.9 14.1 4.5 15.5 11.6 22.6 13 24 27.1 9.9 25.7 8.4"></polygon></g></svg><span data-testid="checkbox-label" class="checkbox__label">71-100<span class="checkbox-list-facet__child__count facet__child__count">(10)</span></span></label></li><li class="checkbox-list-facet__child facet__child"><label class="oct-checkbox"><input class="oct-checkbox__input" type="checkbox" data-testid="checkbox-input" value="" style=""><svg width="32px" height="32px" viewBox="0 0 32 32" version="1.1" xmlns="http://www.w3.org/2000/svg" xmlns:xlink="http://www.w3.org/1999/xlink" role="img" class="oct-icon" aria-hidden="true" aria-label="" style="height: 20px; width: 20px; fill: white;"><g stroke="none" stroke-width="1" fill-rule="evenodd"><polygon points="13 21.2 5.9 14.1 4.5 15.5 11.6 22.6 13 24 27.1 9.9 25.7 8.4"></polygon></g></svg><span data-testid="checkbox-label" class="checkbox__label">11-20<span class="checkbox-list-facet__child__count facet__child__count">(7)</span></span></label></li><li class="checkbox-list-facet__child facet__child"><label class="oct-checkbox"><input class="oct-checkbox__input" type="checkbox" data-testid="checkbox-input" value="" style=""><svg width="32px" height="32px" viewBox="0 0 32 32" version="1.1" xmlns="http://www.w3.org/2000/svg" xmlns:xlink="http://www.w3.org/1999/xlink" role="img" class="oct-icon" aria-hidden="true" aria-label="" style="height: 20px; width: 20px; fill: white;"><g stroke="none" stroke-width="1" fill-rule="evenodd"><polygon points="13 21.2 5.9 14.1 4.5 15.5 11.6 22.6 13 24 27.1 9.9 25.7 8.4"></polygon></g></svg><span data-testid="checkbox-label" class="checkbox__label">101-150<span class="checkbox-list-facet__child__count facet__child__count">(6)</span></span></label></li><li class="checkbox-list-facet__child facet__child"><label class="oct-checkbox"><input class="oct-checkbox__input" type="checkbox" data-testid="checkbox-input" value="" style=""><svg width="32px" height="32px" viewBox="0 0 32 32" version="1.1" xmlns="http://www.w3.org/2000/svg" xmlns:xlink="http://www.w3.org/1999/xlink" role="img" class="oct-icon" aria-hidden="true" aria-label="" style="height: 20px; width: 20px; fill: white;"><g stroke="none" stroke-width="1" fill-rule="evenodd"><polygon points="13 21.2 5.9 14.1 4.5 15.5 11.6 22.6 13 24 27.1 9.9 25.7 8.4"></polygon></g></svg><span data-testid="checkbox-label" class="checkbox__label">0-10<span class="checkbox-list-facet__child__count facet__child__count">(5)</span></span></label></li><li class="checkbox-list-facet__child facet__child"><label class="oct-checkbox"><input class="oct-checkbox__input" type="checkbox" data-testid="checkbox-input" value="" style=""><svg width="32px" height="32px" viewBox="0 0 32 32" version="1.1" xmlns="http://www.w3.org/2000/svg" xmlns:xlink="http://www.w3.org/1999/xlink" role="img" class="oct-icon" aria-hidden="true" aria-label="" style="height: 20px; width: 20px; fill: white;"><g stroke="none" stroke-width="1" fill-rule="evenodd"><polygon points="13 21.2 5.9 14.1 4.5 15.5 11.6 22.6 13 24 27.1 9.9 25.7 8.4"></polygon></g></svg><span data-testid="checkbox-label" class="checkbox__label">51-70<span class="checkbox-list-facet__child__count facet__child__count">(5)</span></span></label></li><li class="checkbox-list-facet__child facet__child"><label class="oct-checkbox"><input class="oct-checkbox__input" type="checkbox" data-testid="checkbox-input" value="" style=""><svg width="32px" height="32px" viewBox="0 0 32 32" version="1.1" xmlns="http://www.w3.org/2000/svg" xmlns:xlink="http://www.w3.org/1999/xlink" role="img" class="oct-icon" aria-hidden="true" aria-label="" style="height: 20px; width: 20px; fill: white;"><g stroke="none" stroke-width="1" fill-rule="evenodd"><polygon points="13 21.2 5.9 14.1 4.5 15.5 11.6 22.6 13 24 27.1 9.9 25.7 8.4"></polygon></g></svg><span data-testid="checkbox-label" class="checkbox__label">151-200<span class="checkbox-list-facet__child__count facet__child__count">(4)</span></span></label></li><li class="checkbox-list-facet__child facet__child"><label class="oct-checkbox"><input class="oct-checkbox__input" type="checkbox" data-testid="checkbox-input" value="" style=""><svg width="32px" height="32px" viewBox="0 0 32 32" version="1.1" xmlns="http://www.w3.org/2000/svg" xmlns:xlink="http://www.w3.org/1999/xlink" role="img" class="oct-icon" aria-hidden="true" aria-label="" style="height: 20px; width: 20px; fill: white;"><g stroke="none" stroke-width="1" fill-rule="evenodd"><polygon points="13 21.2 5.9 14.1 4.5 15.5 11.6 22.6 13 24 27.1 9.9 25.7 8.4"></polygon></g></svg><span data-testid="checkbox-label" class="checkbox__label">Mini<span class="checkbox-list-facet__child__count facet__child__count">(2)</span></span></label></li></ul></div></div></div></div></div></li><li class="oct-listers-facets__item oct-listers-facets__item--gift_type"><div class="checkbox-list-facet facet"><div class="oct-accordion" data-testid="oct-accordion"><div class="oct-accordion__item oct-accordion__item--noTransition"><button role="" class="oct-accordion__toggle oct-accordion__toggle--closed" aria-expanded="false" aria-label="Gift type"><div class="oct-accordion__toggle-wrapper"><div class="oct-accordion__text-wrapper"><h2 class="oct-text oct-text--standard oct-text--size_m oct-aem-text oct-aem-text--h2--variant-1 oct-accordion__text--primary" data-testid="text">Gift type</h2></div><div class="oct-accordion__icon-wrapper"><div class="symbol"></div></div></div></button><div><div class="oct-accordion__pannel oct-accordion--hidden" role="region"><ul class="checkbox-list-facet__children facet__children level-1"><li class="checkbox-list-facet__child facet__child"><label class="oct-checkbox"><input class="oct-checkbox__input" type="checkbox" data-testid="checkbox-input" value="" style=""><svg width="32px" height="32px" viewBox="0 0 32 32" version="1.1" xmlns="http://www.w3.org/2000/svg" xmlns:xlink="http://www.w3.org/1999/xlink" role="img" class="oct-icon" aria-hidden="true" aria-label="" style="height: 20px; width: 20px; fill: white;"><g stroke="none" stroke-width="1" fill-rule="evenodd"><polygon points="13 21.2 5.9 14.1 4.5 15.5 11.6 22.6 13 24 27.1 9.9 25.7 8.4"></polygon></g></svg><span data-testid="checkbox-label" class="checkbox__label">Skincare gifts<span class="checkbox-list-facet__child__count facet__child__count">(21)</span></span></label></li><li class="checkbox-list-facet__child facet__child"><label class="oct-checkbox"><input class="oct-checkbox__input" type="checkbox" data-testid="checkbox-input" value="" style=""><svg width="32px" height="32px" viewBox="0 0 32 32" version="1.1" xmlns="http://www.w3.org/2000/svg" xmlns:xlink="http://www.w3.org/1999/xlink" role="img" class="oct-icon" aria-hidden="true" aria-label="" style="height: 20px; width: 20px; fill: white;"><g stroke="none" stroke-width="1" fill-rule="evenodd"><polygon points="13 21.2 5.9 14.1 4.5 15.5 11.6 22.6 13 24 27.1 9.9 25.7 8.4"></polygon></g></svg><span data-testid="checkbox-label" class="checkbox__label">Premium beauty gifts<span class="checkbox-list-facet__child__count facet__child__count">(10)</span></span></label></li><li class="checkbox-list-facet__child facet__child"><label class="oct-checkbox"><input class="oct-checkbox__input" type="checkbox" data-testid="checkbox-input" value="" style=""><svg width="32px" height="32px" viewBox="0 0 32 32" version="1.1" xmlns="http://www.w3.org/2000/svg" xmlns:xlink="http://www.w3.org/1999/xlink" role="img" class="oct-icon" aria-hidden="true" aria-label="" style="height: 20px; width: 20px; fill: white;"><g stroke="none" stroke-width="1" fill-rule="evenodd"><polygon points="13 21.2 5.9 14.1 4.5 15.5 11.6 22.6 13 24 27.1 9.9 25.7 8.4"></polygon></g></svg><span data-testid="checkbox-label" class="checkbox__label">Beauty gift sets<span class="checkbox-list-facet__child__count facet__child__count">(9)</span></span></label></li><li class="checkbox-list-facet__child facet__child"><label class="oct-checkbox"><input class="oct-checkbox__input" type="checkbox" data-testid="checkbox-input" value="" style=""><svg width="32px" height="32px" viewBox="0 0 32 32" version="1.1" xmlns="http://www.w3.org/2000/svg" xmlns:xlink="http://www.w3.org/1999/xlink" role="img" class="oct-icon" aria-hidden="true" aria-label="" style="height: 20px; width: 20px; fill: white;"><g stroke="none" stroke-width="1" fill-rule="evenodd"><polygon points="13 21.2 5.9 14.1 4.5 15.5 11.6 22.6 13 24 27.1 9.9 25.7 8.4"></polygon></g></svg><span data-testid="checkbox-label" class="checkbox__label">Skincare gift sets<span class="checkbox-list-facet__child__count facet__child__count">(6)</span></span></label></li><li class="checkbox-list-facet__child facet__child"><label class="oct-checkbox"><input class="oct-checkbox__input" type="checkbox" data-testid="checkbox-input" value="" style=""><svg width="32px" height="32px" viewBox="0 0 32 32" version="1.1" xmlns="http://www.w3.org/2000/svg" xmlns:xlink="http://www.w3.org/1999/xlink" role="img" class="oct-icon" aria-hidden="true" aria-label="" style="height: 20px; width: 20px; fill: white;"><g stroke="none" stroke-width="1" fill-rule="evenodd"><polygon points="13 21.2 5.9 14.1 4.5 15.5 11.6 22.6 13 24 27.1 9.9 25.7 8.4"></polygon></g></svg><span data-testid="checkbox-label" class="checkbox__label">Bath &amp; body gifts<span class="checkbox-list-facet__child__count facet__child__count">(5)</span></span></label></li><li class="checkbox-list-facet__child facet__child"><label class="oct-checkbox"><input class="oct-checkbox__input" type="checkbox" data-testid="checkbox-input" value="" style=""><svg width="32px" height="32px" viewBox="0 0 32 32" version="1.1" xmlns="http://www.w3.org/2000/svg" xmlns:xlink="http://www.w3.org/1999/xlink" role="img" class="oct-icon" aria-hidden="true" aria-label="" style="height: 20px; width: 20px; fill: white;"><g stroke="none" stroke-width="1" fill-rule="evenodd"><polygon points="13 21.2 5.9 14.1 4.5 15.5 11.6 22.6 13 24 27.1 9.9 25.7 8.4"></polygon></g></svg><span data-testid="checkbox-label" class="checkbox__label">Stocking fillers<span class="checkbox-list-facet__child__count facet__child__count">(5)</span></span></label></li><li class="checkbox-list-facet__child facet__child"><label class="oct-checkbox"><input class="oct-checkbox__input" type="checkbox" data-testid="checkbox-input" value="" style=""><svg width="32px" height="32px" viewBox="0 0 32 32" version="1.1" xmlns="http://www.w3.org/2000/svg" xmlns:xlink="http://www.w3.org/1999/xlink" role="img" class="oct-icon" aria-hidden="true" aria-label="" style="height: 20px; width: 20px; fill: white;"><g stroke="none" stroke-width="1" fill-rule="evenodd"><polygon points="13 21.2 5.9 14.1 4.5 15.5 11.6 22.6 13 24 27.1 9.9 25.7 8.4"></polygon></g></svg><span data-testid="checkbox-label" class="checkbox__label">Wellness gift sets<span class="checkbox-list-facet__child__count facet__child__count">(5)</span></span></label></li><li class="checkbox-list-facet__child facet__child"><label class="oct-checkbox"><input class="oct-checkbox__input" type="checkbox" data-testid="checkbox-input" value="" style=""><svg width="32px" height="32px" viewBox="0 0 32 32" version="1.1" xmlns="http://www.w3.org/2000/svg" xmlns:xlink="http://www.w3.org/1999/xlink" role="img" class="oct-icon" aria-hidden="true" aria-label="" style="height: 20px; width: 20px; fill: white;"><g stroke="none" stroke-width="1" fill-rule="evenodd"><polygon points="13 21.2 5.9 14.1 4.5 15.5 11.6 22.6 13 24 27.1 9.9 25.7 8.4"></polygon></g></svg><span data-testid="checkbox-label" class="checkbox__label">Pamper gifts<span class="checkbox-list-facet__child__count facet__child__count">(4)</span></span></label></li><li class="checkbox-list-facet__child facet__child"><label class="oct-checkbox"><input class="oct-checkbox__input" type="checkbox" data-testid="checkbox-input" value="" style=""><svg width="32px" height="32px" viewBox="0 0 32 32" version="1.1" xmlns="http://www.w3.org/2000/svg" xmlns:xlink="http://www.w3.org/1999/xlink" role="img" class="oct-icon" aria-hidden="true" aria-label="" style="height: 20px; width: 20px; fill: white;"><g stroke="none" stroke-width="1" fill-rule="evenodd"><polygon points="13 21.2 5.9 14.1 4.5 15.5 11.6 22.6 13 24 27.1 9.9 25.7 8.4"></polygon></g></svg><span data-testid="checkbox-label" class="checkbox__label">Premium beauty gift sets<span class="checkbox-list-facet__child__count facet__child__count">(4)</span></span></label></li><li class="checkbox-list-facet__child facet__child"><label class="oct-checkbox"><input class="oct-checkbox__input" type="checkbox" data-testid="checkbox-input" value="" style=""><svg width="32px" height="32px" viewBox="0 0 32 32" version="1.1" xmlns="http://www.w3.org/2000/svg" xmlns:xlink="http://www.w3.org/1999/xlink" role="img" class="oct-icon" aria-hidden="true" aria-label="" style="height: 20px; width: 20px; fill: white;"><g stroke="none" stroke-width="1" fill-rule="evenodd"><polygon points="13 21.2 5.9 14.1 4.5 15.5 11.6 22.6 13 24 27.1 9.9 25.7 8.4"></polygon></g></svg><span data-testid="checkbox-label" class="checkbox__label">Bath &amp; body gift sets<span class="checkbox-list-facet__child__count facet__child__count">(2)</span></span></label></li></ul><button data-testid="button" class="oct-button oct-button--default oct-button--default-default oct-button--default-default-responsive checkbox-list-facet__view-all facet__view-all" aria-label="View all"><div class="oct-button__content">View all</div></button></div></div></div></div></div></li><li class="oct-listers-facets__item oct-listers-facets__item--recipient"><div class="checkbox-list-facet facet"><div class="oct-accordion" data-testid="oct-accordion"><div class="oct-accordion__item oct-accordion__item--noTransition"><button role="" class="oct-accordion__toggle oct-accordion__toggle--closed" aria-expanded="false" aria-label="Recipient"><div class="oct-accordion__toggle-wrapper"><div class="oct-accordion__text-wrapper"><h2 class="oct-text oct-text--standard oct-text--size_m oct-aem-text oct-aem-text--h2--variant-1 oct-accordion__text--primary" data-testid="text">Recipient</h2></div><div class="oct-accordion__icon-wrapper"><div class="symbol"></div></div></div></button><div><div class="oct-accordion__pannel oct-accordion--hidden" role="region"><ul class="checkbox-list-facet__children facet__children level-1"><li class="checkbox-list-facet__child facet__child"><label class="oct-checkbox"><input class="oct-checkbox__input" type="checkbox" data-testid="checkbox-input" value="" style=""><svg width="32px" height="32px" viewBox="0 0 32 32" version="1.1" xmlns="http://www.w3.org/2000/svg" xmlns:xlink="http://www.w3.org/1999/xlink" role="img" class="oct-icon" aria-hidden="true" aria-label="" style="height: 20px; width: 20px; fill: white;"><g stroke="none" stroke-width="1" fill-rule="evenodd"><polygon points="13 21.2 5.9 14.1 4.5 15.5 11.6 22.6 13 24 27.1 9.9 25.7 8.4"></polygon></g></svg><span data-testid="checkbox-label" class="checkbox__label">Gifts for women<span class="checkbox-list-facet__child__count facet__child__count">(17)</span></span></label></li><li class="checkbox-list-facet__child facet__child"><label class="oct-checkbox"><input class="oct-checkbox__input" type="checkbox" data-testid="checkbox-input" value="" style=""><svg width="32px" height="32px" viewBox="0 0 32 32" version="1.1" xmlns="http://www.w3.org/2000/svg" xmlns:xlink="http://www.w3.org/1999/xlink" role="img" class="oct-icon" aria-hidden="true" aria-label="" style="height: 20px; width: 20px; fill: white;"><g stroke="none" stroke-width="1" fill-rule="evenodd"><polygon points="13 21.2 5.9 14.1 4.5 15.5 11.6 22.6 13 24 27.1 9.9 25.7 8.4"></polygon></g></svg><span data-testid="checkbox-label" class="checkbox__label">Gifts for beauty lovers<span class="checkbox-list-facet__child__count facet__child__count">(13)</span></span></label></li><li class="checkbox-list-facet__child facet__child"><label class="oct-checkbox"><input class="oct-checkbox__input" type="checkbox" data-testid="checkbox-input" value="" style=""><svg width="32px" height="32px" viewBox="0 0 32 32" version="1.1" xmlns="http://www.w3.org/2000/svg" xmlns:xlink="http://www.w3.org/1999/xlink" role="img" class="oct-icon" aria-hidden="true" aria-label="" style="height: 20px; width: 20px; fill: white;"><g stroke="none" stroke-width="1" fill-rule="evenodd"><polygon points="13 21.2 5.9 14.1 4.5 15.5 11.6 22.6 13 24 27.1 9.9 25.7 8.4"></polygon></g></svg><span data-testid="checkbox-label" class="checkbox__label">Gifts for teens<span class="checkbox-list-facet__child__count facet__child__count">(8)</span></span></label></li><li class="checkbox-list-facet__child facet__child"><label class="oct-checkbox"><input class="oct-checkbox__input" type="checkbox" data-testid="checkbox-input" value="" style=""><svg width="32px" height="32px" viewBox="0 0 32 32" version="1.1" xmlns="http://www.w3.org/2000/svg" xmlns:xlink="http://www.w3.org/1999/xlink" role="img" class="oct-icon" aria-hidden="true" aria-label="" style="height: 20px; width: 20px; fill: white;"><g stroke="none" stroke-width="1" fill-rule="evenodd"><polygon points="13 21.2 5.9 14.1 4.5 15.5 11.6 22.6 13 24 27.1 9.9 25.7 8.4"></polygon></g></svg><span data-testid="checkbox-label" class="checkbox__label">Gifts for men<span class="checkbox-list-facet__child__count facet__child__count">(4)</span></span></label></li><li class="checkbox-list-facet__child facet__child"><label class="oct-checkbox"><input class="oct-checkbox__input" type="checkbox" data-testid="checkbox-input" value="" style=""><svg width="32px" height="32px" viewBox="0 0 32 32" version="1.1" xmlns="http://www.w3.org/2000/svg" xmlns:xlink="http://www.w3.org/1999/xlink" role="img" class="oct-icon" aria-hidden="true" aria-label="" style="height: 20px; width: 20px; fill: white;"><g stroke="none" stroke-width="1" fill-rule="evenodd"><polygon points="13 21.2 5.9 14.1 4.5 15.5 11.6 22.6 13 24 27.1 9.9 25.7 8.4"></polygon></g></svg><span data-testid="checkbox-label" class="checkbox__label">Gifts for new mums<span class="checkbox-list-facet__child__count facet__child__count">(4)</span></span></label></li><li class="checkbox-list-facet__child facet__child"><label class="oct-checkbox"><input class="oct-checkbox__input" type="checkbox" data-testid="checkbox-input" value="" style=""><svg width="32px" height="32px" viewBox="0 0 32 32" version="1.1" xmlns="http://www.w3.org/2000/svg" xmlns:xlink="http://www.w3.org/1999/xlink" role="img" class="oct-icon" aria-hidden="true" aria-label="" style="height: 20px; width: 20px; fill: white;"><g stroke="none" stroke-width="1" fill-rule="evenodd"><polygon points="13 21.2 5.9 14.1 4.5 15.5 11.6 22.6 13 24 27.1 9.9 25.7 8.4"></polygon></g></svg><span data-testid="checkbox-label" class="checkbox__label">Secret santa<span class="checkbox-list-facet__child__count facet__child__count">(3)</span></span></label></li></ul></div></div></div></div></div></li><li class="oct-listers-facets__item oct-listers-facets__item--skin_type"><div class="checkbox-list-facet facet"><div class="oct-accordion" data-testid="oct-accordion"><div class="oct-accordion__item oct-accordion__item--noTransition"><button role="" class="oct-accordion__toggle oct-accordion__toggle--closed" aria-expanded="false" aria-label="Skin type"><div class="oct-accordion__toggle-wrapper"><div class="oct-accordion__text-wrapper"><h2 class="oct-text oct-text--standard oct-text--size_m oct-aem-text oct-aem-text--h2--variant-1 oct-accordion__text--primary" data-testid="text">Skin type</h2></div><div class="oct-accordion__icon-wrapper"><div class="symbol"></div></div></div></button><div><div class="oct-accordion__pannel oct-accordion--hidden" role="region"><ul class="checkbox-list-facet__children facet__children level-1"><li class="checkbox-list-facet__child facet__child"><label class="oct-checkbox"><input class="oct-checkbox__input" type="checkbox" data-testid="checkbox-input" value="" style=""><svg width="32px" height="32px" viewBox="0 0 32 32" version="1.1" xmlns="http://www.w3.org/2000/svg" xmlns:xlink="http://www.w3.org/1999/xlink" role="img" class="oct-icon" aria-hidden="true" aria-label="" style="height: 20px; width: 20px; fill: white;"><g stroke="none" stroke-width="1" fill-rule="evenodd"><polygon points="13 21.2 5.9 14.1 4.5 15.5 11.6 22.6 13 24 27.1 9.9 25.7 8.4"></polygon></g></svg><span data-testid="checkbox-label" class="checkbox__label">All skin types<span class="checkbox-list-facet__child__count facet__child__count">(85)</span></span></label></li><li class="checkbox-list-facet__child facet__child"><label class="oct-checkbox"><input class="oct-checkbox__input" type="checkbox" data-testid="checkbox-input" value="" style=""><svg width="32px" height="32px" viewBox="0 0 32 32" version="1.1" xmlns="http://www.w3.org/2000/svg" xmlns:xlink="http://www.w3.org/1999/xlink" role="img" class="oct-icon" aria-hidden="true" aria-label="" style="height: 20px; width: 20px; fill: white;"><g stroke="none" stroke-width="1" fill-rule="evenodd"><polygon points="13 21.2 5.9 14.1 4.5 15.5 11.6 22.6 13 24 27.1 9.9 25.7 8.4"></polygon></g></svg><span data-testid="checkbox-label" class="checkbox__label">Dry skin<span class="checkbox-list-facet__child__count facet__child__count">(27)</span></span></label></li><li class="checkbox-list-facet__child facet__child"><label class="oct-checkbox"><input class="oct-checkbox__input" type="checkbox" data-testid="checkbox-input" value="" style=""><svg width="32px" height="32px" viewBox="0 0 32 32" version="1.1" xmlns="http://www.w3.org/2000/svg" xmlns:xlink="http://www.w3.org/1999/xlink" role="img" class="oct-icon" aria-hidden="true" aria-label="" style="height: 20px; width: 20px; fill: white;"><g stroke="none" stroke-width="1" fill-rule="evenodd"><polygon points="13 21.2 5.9 14.1 4.5 15.5 11.6 22.6 13 24 27.1 9.9 25.7 8.4"></polygon></g></svg><span data-testid="checkbox-label" class="checkbox__label">Blemish prone skin<span class="checkbox-list-facet__child__count facet__child__count">(19)</span></span></label></li><li class="checkbox-list-facet__child facet__child"><label class="oct-checkbox"><input class="oct-checkbox__input" type="checkbox" data-testid="checkbox-input" value="" style=""><svg width="32px" height="32px" viewBox="0 0 32 32" version="1.1" xmlns="http://www.w3.org/2000/svg" xmlns:xlink="http://www.w3.org/1999/xlink" role="img" class="oct-icon" aria-hidden="true" aria-label="" style="height: 20px; width: 20px; fill: white;"><g stroke="none" stroke-width="1" fill-rule="evenodd"><polygon points="13 21.2 5.9 14.1 4.5 15.5 11.6 22.6 13 24 27.1 9.9 25.7 8.4"></polygon></g></svg><span data-testid="checkbox-label" class="checkbox__label">Combination skin<span class="checkbox-list-facet__child__count facet__child__count">(18)</span></span></label></li><li class="checkbox-list-facet__child facet__child"><label class="oct-checkbox"><input class="oct-checkbox__input" type="checkbox" data-testid="checkbox-input" value="" style=""><svg width="32px" height="32px" viewBox="0 0 32 32" version="1.1" xmlns="http://www.w3.org/2000/svg" xmlns:xlink="http://www.w3.org/1999/xlink" role="img" class="oct-icon" aria-hidden="true" aria-label="" style="height: 20px; width: 20px; fill: white;"><g stroke="none" stroke-width="1" fill-rule="evenodd"><polygon points="13 21.2 5.9 14.1 4.5 15.5 11.6 22.6 13 24 27.1 9.9 25.7 8.4"></polygon></g></svg><span data-testid="checkbox-label" class="checkbox__label">Oily skin<span class="checkbox-list-facet__child__count facet__child__count">(16)</span></span></label></li><li class="checkbox-list-facet__child facet__child"><label class="oct-checkbox"><input class="oct-checkbox__input" type="checkbox" data-testid="checkbox-input" value="" style=""><svg width="32px" height="32px" viewBox="0 0 32 32" version="1.1" xmlns="http://www.w3.org/2000/svg" xmlns:xlink="http://www.w3.org/1999/xlink" role="img" class="oct-icon" aria-hidden="true" aria-label="" style="height: 20px; width: 20px; fill: white;"><g stroke="none" stroke-width="1" fill-rule="evenodd"><polygon points="13 21.2 5.9 14.1 4.5 15.5 11.6 22.6 13 24 27.1 9.9 25.7 8.4"></polygon></g></svg><span data-testid="checkbox-label" class="checkbox__label">Sensitive skin<span class="checkbox-list-facet__child__count facet__child__count">(12)</span></span></label></li><li class="checkbox-list-facet__child facet__child"><label class="oct-checkbox"><input class="oct-checkbox__input" type="checkbox" data-testid="checkbox-input" value="" style=""><svg width="32px" height="32px" viewBox="0 0 32 32" version="1.1" xmlns="http://www.w3.org/2000/svg" xmlns:xlink="http://www.w3.org/1999/xlink" role="img" class="oct-icon" aria-hidden="true" aria-label="" style="height: 20px; width: 20px; fill: white;"><g stroke="none" stroke-width="1" fill-rule="evenodd"><polygon points="13 21.2 5.9 14.1 4.5 15.5 11.6 22.6 13 24 27.1 9.9 25.7 8.4"></polygon></g></svg><span data-testid="checkbox-label" class="checkbox__label">Mature skin<span class="checkbox-list-facet__child__count facet__child__count">(8)</span></span></label></li><li class="checkbox-list-facet__child facet__child"><label class="oct-checkbox"><input class="oct-checkbox__input" type="checkbox" data-testid="checkbox-input" value="" style=""><svg width="32px" height="32px" viewBox="0 0 32 32" version="1.1" xmlns="http://www.w3.org/2000/svg" xmlns:xlink="http://www.w3.org/1999/xlink" role="img" class="oct-icon" aria-hidden="true" aria-label="" style="height: 20px; width: 20px; fill: white;"><g stroke="none" stroke-width="1" fill-rule="evenodd"><polygon points="13 21.2 5.9 14.1 4.5 15.5 11.6 22.6 13 24 27.1 9.9 25.7 8.4"></polygon></g></svg><span data-testid="checkbox-label" class="checkbox__label">Dull skin<span class="checkbox-list-facet__child__count facet__child__count">(7)</span></span></label></li><li class="checkbox-list-facet__child facet__child"><label class="oct-checkbox"><input class="oct-checkbox__input" type="checkbox" data-testid="checkbox-input" value="" style=""><svg width="32px" height="32px" viewBox="0 0 32 32" version="1.1" xmlns="http://www.w3.org/2000/svg" xmlns:xlink="http://www.w3.org/1999/xlink" role="img" class="oct-icon" aria-hidden="true" aria-label="" style="height: 20px; width: 20px; fill: white;"><g stroke="none" stroke-width="1" fill-rule="evenodd"><polygon points="13 21.2 5.9 14.1 4.5 15.5 11.6 22.6 13 24 27.1 9.9 25.7 8.4"></polygon></g></svg><span data-testid="checkbox-label" class="checkbox__label">Normal skin<span class="checkbox-list-facet__child__count facet__child__count">(7)</span></span></label></li><li class="checkbox-list-facet__child facet__child"><label class="oct-checkbox"><input class="oct-checkbox__input" type="checkbox" data-testid="checkbox-input" value="" style=""><svg width="32px" height="32px" viewBox="0 0 32 32" version="1.1" xmlns="http://www.w3.org/2000/svg" xmlns:xlink="http://www.w3.org/1999/xlink" role="img" class="oct-icon" aria-hidden="true" aria-label="" style="height: 20px; width: 20px; fill: white;"><g stroke="none" stroke-width="1" fill-rule="evenodd"><polygon points="13 21.2 5.9 14.1 4.5 15.5 11.6 22.6 13 24 27.1 9.9 25.7 8.4"></polygon></g></svg><span data-testid="checkbox-label" class="checkbox__label">Teen skin<span class="checkbox-list-facet__child__count facet__child__count">(5)</span></span></label></li></ul><button data-testid="button" class="oct-button oct-button--default oct-button--default-default oct-button--default-default-responsive checkbox-list-facet__view-all facet__view-all" aria-label="View all"><div class="oct-button__content">View all</div></button></div></div></div></div></div></li><li class="oct-listers-facets__item oct-listers-facets__item--spf"><div class="checkbox-list-facet facet"><div class="oct-accordion" data-testid="oct-accordion"><div class="oct-accordion__item oct-accordion__item--noTransition"><button role="" class="oct-accordion__toggle oct-accordion__toggle--closed" aria-expanded="false" aria-label="Spf"><div class="oct-accordion__toggle-wrapper"><div class="oct-accordion__text-wrapper"><h2 class="oct-text oct-text--standard oct-text--size_m oct-aem-text oct-aem-text--h2--variant-1 oct-accordion__text--primary" data-testid="text">Spf</h2></div><div class="oct-accordion__icon-wrapper"><div class="symbol"></div></div></div></button><div><div class="oct-accordion__pannel oct-accordion--hidden" role="region"><ul class="checkbox-list-facet__children facet__children level-1"><li class="checkbox-list-facet__child facet__child"><label class="oct-checkbox"><input class="oct-checkbox__input" type="checkbox" data-testid="checkbox-input" value="" style=""><svg width="32px" height="32px" viewBox="0 0 32 32" version="1.1" xmlns="http://www.w3.org/2000/svg" xmlns:xlink="http://www.w3.org/1999/xlink" role="img" class="oct-icon" aria-hidden="true" aria-label="" style="height: 20px; width: 20px; fill: white;"><g stroke="none" stroke-width="1" fill-rule="evenodd"><polygon points="13 21.2 5.9 14.1 4.5 15.5 11.6 22.6 13 24 27.1 9.9 25.7 8.4"></polygon></g></svg><span data-testid="checkbox-label" class="checkbox__label">Spf 50+<span class="checkbox-list-facet__child__count facet__child__count">(4)</span></span></label></li><li class="checkbox-list-facet__child facet__child"><label class="oct-checkbox"><input class="oct-checkbox__input" type="checkbox" data-testid="checkbox-input" value="" style=""><svg width="32px" height="32px" viewBox="0 0 32 32" version="1.1" xmlns="http://www.w3.org/2000/svg" xmlns:xlink="http://www.w3.org/1999/xlink" role="img" class="oct-icon" aria-hidden="true" aria-label="" style="height: 20px; width: 20px; fill: white;"><g stroke="none" stroke-width="1" fill-rule="evenodd"><polygon points="13 21.2 5.9 14.1 4.5 15.5 11.6 22.6 13 24 27.1 9.9 25.7 8.4"></polygon></g></svg><span data-testid="checkbox-label" class="checkbox__label">Spf 15<span class="checkbox-list-facet__child__count facet__child__count">(2)</span></span></label></li><li class="checkbox-list-facet__child facet__child"><label class="oct-checkbox"><input class="oct-checkbox__input" type="checkbox" data-testid="checkbox-input" value="" style=""><svg width="32px" height="32px" viewBox="0 0 32 32" version="1.1" xmlns="http://www.w3.org/2000/svg" xmlns:xlink="http://www.w3.org/1999/xlink" role="img" class="oct-icon" aria-hidden="true" aria-label="" style="height: 20px; width: 20px; fill: white;"><g stroke="none" stroke-width="1" fill-rule="evenodd"><polygon points="13 21.2 5.9 14.1 4.5 15.5 11.6 22.6 13 24 27.1 9.9 25.7 8.4"></polygon></g></svg><span data-testid="checkbox-label" class="checkbox__label">Spf 30<span class="checkbox-list-facet__child__count facet__child__count">(2)</span></span></label></li></ul></div></div></div></div></div></li><li class="oct-listers-facets__item oct-listers-facets__item--key_features"><div class="checkbox-list-facet facet"><div class="oct-accordion" data-testid="oct-accordion"><div class="oct-accordion__item oct-accordion__item--noTransition"><button role="" class="oct-accordion__toggle oct-accordion__toggle--closed" aria-expanded="false" aria-label="Key features"><div class="oct-accordion__toggle-wrapper"><div class="oct-accordion__text-wrapper"><h2 class="oct-text oct-text--standard oct-text--size_m oct-aem-text oct-aem-text--h2--variant-1 oct-accordion__text--primary" data-testid="text">Key features</h2></div><div class="oct-accordion__icon-wrapper"><div class="symbol"></div></div></div></button><div><div class="oct-accordion__pannel oct-accordion--hidden" role="region"><ul class="checkbox-list-facet__children facet__children level-1"><li class="checkbox-list-facet__child facet__child"><label class="oct-checkbox"><input class="oct-checkbox__input" type="checkbox" data-testid="checkbox-input" value="" style=""><svg width="32px" height="32px" viewBox="0 0 32 32" version="1.1" xmlns="http://www.w3.org/2000/svg" xmlns:xlink="http://www.w3.org/1999/xlink" role="img" class="oct-icon" aria-hidden="true" aria-label="" style="height: 20px; width: 20px; fill: white;"><g stroke="none" stroke-width="1" fill-rule="evenodd"><polygon points="13 21.2 5.9 14.1 4.5 15.5 11.6 22.6 13 24 27.1 9.9 25.7 8.4"></polygon></g></svg><span data-testid="checkbox-label" class="checkbox__label">Hydrating<span class="checkbox-list-facet__child__count facet__child__count">(38)</span></span></label></li><li class="checkbox-list-facet__child facet__child"><label class="oct-checkbox"><input class="oct-checkbox__input" type="checkbox" data-testid="checkbox-input" value="" style=""><svg width="32px" height="32px" viewBox="0 0 32 32" version="1.1" xmlns="http://www.w3.org/2000/svg" xmlns:xlink="http://www.w3.org/1999/xlink" role="img" class="oct-icon" aria-hidden="true" aria-label="" style="height: 20px; width: 20px; fill: white;"><g stroke="none" stroke-width="1" fill-rule="evenodd"><polygon points="13 21.2 5.9 14.1 4.5 15.5 11.6 22.6 13 24 27.1 9.9 25.7 8.4"></polygon></g></svg><span data-testid="checkbox-label" class="checkbox__label">Moisturising<span class="checkbox-list-facet__child__count facet__child__count">(27)</span></span></label></li><li class="checkbox-list-facet__child facet__child"><label class="oct-checkbox"><input class="oct-checkbox__input" type="checkbox" data-testid="checkbox-input" value="" style=""><svg width="32px" height="32px" viewBox="0 0 32 32" version="1.1" xmlns="http://www.w3.org/2000/svg" xmlns:xlink="http://www.w3.org/1999/xlink" role="img" class="oct-icon" aria-hidden="true" aria-label="" style="height: 20px; width: 20px; fill: white;"><g stroke="none" stroke-width="1" fill-rule="evenodd"><polygon points="13 21.2 5.9 14.1 4.5 15.5 11.6 22.6 13 24 27.1 9.9 25.7 8.4"></polygon></g></svg><span data-testid="checkbox-label" class="checkbox__label">Dermatologically tested<span class="checkbox-list-facet__child__count facet__child__count">(18)</span></span></label></li><li class="checkbox-list-facet__child facet__child"><label class="oct-checkbox"><input class="oct-checkbox__input" type="checkbox" data-testid="checkbox-input" value="" style=""><svg width="32px" height="32px" viewBox="0 0 32 32" version="1.1" xmlns="http://www.w3.org/2000/svg" xmlns:xlink="http://www.w3.org/1999/xlink" role="img" class="oct-icon" aria-hidden="true" aria-label="" style="height: 20px; width: 20px; fill: white;"><g stroke="none" stroke-width="1" fill-rule="evenodd"><polygon points="13 21.2 5.9 14.1 4.5 15.5 11.6 22.6 13 24 27.1 9.9 25.7 8.4"></polygon></g></svg><span data-testid="checkbox-label" class="checkbox__label">Anti-ageing<span class="checkbox-list-facet__child__count facet__child__count">(14)</span></span></label></li><li class="checkbox-list-facet__child facet__child"><label class="oct-checkbox"><input class="oct-checkbox__input" type="checkbox" data-testid="checkbox-input" value="" style=""><svg width="32px" height="32px" viewBox="0 0 32 32" version="1.1" xmlns="http://www.w3.org/2000/svg" xmlns:xlink="http://www.w3.org/1999/xlink" role="img" class="oct-icon" aria-hidden="true" aria-label="" style="height: 20px; width: 20px; fill: white;"><g stroke="none" stroke-width="1" fill-rule="evenodd"><polygon points="13 21.2 5.9 14.1 4.5 15.5 11.6 22.6 13 24 27.1 9.9 25.7 8.4"></polygon></g></svg><span data-testid="checkbox-label" class="checkbox__label">Anti-blemish<span class="checkbox-list-facet__child__count facet__child__count">(14)</span></span></label></li><li class="checkbox-list-facet__child facet__child"><label class="oct-checkbox"><input class="oct-checkbox__input" type="checkbox" data-testid="checkbox-input" value="" style=""><svg width="32px" height="32px" viewBox="0 0 32 32" version="1.1" xmlns="http://www.w3.org/2000/svg" xmlns:xlink="http://www.w3.org/1999/xlink" role="img" class="oct-icon" aria-hidden="true" aria-label="" style="height: 20px; width: 20px; fill: white;"><g stroke="none" stroke-width="1" fill-rule="evenodd"><polygon points="13 21.2 5.9 14.1 4.5 15.5 11.6 22.6 13 24 27.1 9.9 25.7 8.4"></polygon></g></svg><span data-testid="checkbox-label" class="checkbox__label">Brightening<span class="checkbox-list-facet__child__count facet__child__count">(13)</span></span></label></li><li class="checkbox-list-facet__child facet__child"><label class="oct-checkbox"><input class="oct-checkbox__input" type="checkbox" data-testid="checkbox-input" value="" style=""><svg width="32px" height="32px" viewBox="0 0 32 32" version="1.1" xmlns="http://www.w3.org/2000/svg" xmlns:xlink="http://www.w3.org/1999/xlink" role="img" class="oct-icon" aria-hidden="true" aria-label="" style="height: 20px; width: 20px; fill: white;"><g stroke="none" stroke-width="1" fill-rule="evenodd"><polygon points="13 21.2 5.9 14.1 4.5 15.5 11.6 22.6 13 24 27.1 9.9 25.7 8.4"></polygon></g></svg><span data-testid="checkbox-label" class="checkbox__label">Smoothing<span class="checkbox-list-facet__child__count facet__child__count">(12)</span></span></label></li><li class="checkbox-list-facet__child facet__child"><label class="oct-checkbox"><input class="oct-checkbox__input" type="checkbox" data-testid="checkbox-input" value="" style=""><svg width="32px" height="32px" viewBox="0 0 32 32" version="1.1" xmlns="http://www.w3.org/2000/svg" xmlns:xlink="http://www.w3.org/1999/xlink" role="img" class="oct-icon" aria-hidden="true" aria-label="" style="height: 20px; width: 20px; fill: white;"><g stroke="none" stroke-width="1" fill-rule="evenodd"><polygon points="13 21.2 5.9 14.1 4.5 15.5 11.6 22.6 13 24 27.1 9.9 25.7 8.4"></polygon></g></svg><span data-testid="checkbox-label" class="checkbox__label">Cruelty-free<span class="checkbox-list-facet__child__count facet__child__count">(10)</span></span></label></li><li class="checkbox-list-facet__child facet__child"><label class="oct-checkbox"><input class="oct-checkbox__input" type="checkbox" data-testid="checkbox-input" value="" style=""><svg width="32px" height="32px" viewBox="0 0 32 32" version="1.1" xmlns="http://www.w3.org/2000/svg" xmlns:xlink="http://www.w3.org/1999/xlink" role="img" class="oct-icon" aria-hidden="true" aria-label="" style="height: 20px; width: 20px; fill: white;"><g stroke="none" stroke-width="1" fill-rule="evenodd"><polygon points="13 21.2 5.9 14.1 4.5 15.5 11.6 22.6 13 24 27.1 9.9 25.7 8.4"></polygon></g></svg><span data-testid="checkbox-label" class="checkbox__label">Cleansing<span class="checkbox-list-facet__child__count facet__child__count">(9)</span></span></label></li><li class="checkbox-list-facet__child facet__child"><label class="oct-checkbox"><input class="oct-checkbox__input" type="checkbox" data-testid="checkbox-input" value="" style=""><svg width="32px" height="32px" viewBox="0 0 32 32" version="1.1" xmlns="http://www.w3.org/2000/svg" xmlns:xlink="http://www.w3.org/1999/xlink" role="img" class="oct-icon" aria-hidden="true" aria-label="" style="height: 20px; width: 20px; fill: white;"><g stroke="none" stroke-width="1" fill-rule="evenodd"><polygon points="13 21.2 5.9 14.1 4.5 15.5 11.6 22.6 13 24 27.1 9.9 25.7 8.4"></polygon></g></svg><span data-testid="checkbox-label" class="checkbox__label">Exfoliating<span class="checkbox-list-facet__child__count facet__child__count">(8)</span></span></label></li></ul><button data-testid="button" class="oct-button oct-button--default oct-button--default-default oct-button--default-default-responsive checkbox-list-facet__view-all facet__view-all" aria-label="View all"><div class="oct-button__content">View all</div></button></div></div></div></div></div></li><li class="oct-listers-facets__item oct-listers-facets__item--body_area"><div class="checkbox-list-facet facet"><div class="oct-accordion" data-testid="oct-accordion"><div class="oct-accordion__item oct-accordion__item--noTransition"><button role="" class="oct-accordion__toggle oct-accordion__toggle--closed" aria-expanded="false" aria-label="Body area"><div class="oct-accordion__toggle-wrapper"><div class="oct-accordion__text-wrapper"><h2 class="oct-text oct-text--standard oct-text--size_m oct-aem-text oct-aem-text--h2--variant-1 oct-accordion__text--primary" data-testid="text">Body area</h2></div><div class="oct-accordion__icon-wrapper"><div class="symbol"></div></div></div></button><div><div class="oct-accordion__pannel oct-accordion--hidden" role="region"><ul class="checkbox-list-facet__children facet__children level-1"><li class="checkbox-list-facet__child facet__child"><label class="oct-checkbox"><input class="oct-checkbox__input" type="checkbox" data-testid="checkbox-input" value="" style=""><svg width="32px" height="32px" viewBox="0 0 32 32" version="1.1" xmlns="http://www.w3.org/2000/svg" xmlns:xlink="http://www.w3.org/1999/xlink" role="img" class="oct-icon" aria-hidden="true" aria-label="" style="height: 20px; width: 20px; fill: white;"><g stroke="none" stroke-width="1" fill-rule="evenodd"><polygon points="13 21.2 5.9 14.1 4.5 15.5 11.6 22.6 13 24 27.1 9.9 25.7 8.4"></polygon></g></svg><span data-testid="checkbox-label" class="checkbox__label">Face<span class="checkbox-list-facet__child__count facet__child__count">(6)</span></span></label></li><li class="checkbox-list-facet__child facet__child"><label class="oct-checkbox"><input class="oct-checkbox__input" type="checkbox" data-testid="checkbox-input" value="" style=""><svg width="32px" height="32px" viewBox="0 0 32 32" version="1.1" xmlns="http://www.w3.org/2000/svg" xmlns:xlink="http://www.w3.org/1999/xlink" role="img" class="oct-icon" aria-hidden="true" aria-label="" style="height: 20px; width: 20px; fill: white;"><g stroke="none" stroke-width="1" fill-rule="evenodd"><polygon points="13 21.2 5.9 14.1 4.5 15.5 11.6 22.6 13 24 27.1 9.9 25.7 8.4"></polygon></g></svg><span data-testid="checkbox-label" class="checkbox__label">Body<span class="checkbox-list-facet__child__count facet__child__count">(1)</span></span></label></li></ul></div></div></div></div></div></li><li class="oct-listers-facets__item oct-listers-facets__item--format"><div class="checkbox-list-facet facet"><div class="oct-accordion" data-testid="oct-accordion"><div class="oct-accordion__item oct-accordion__item--noTransition"><button role="" class="oct-accordion__toggle oct-accordion__toggle--closed" aria-expanded="false" aria-label="Format"><div class="oct-accordion__toggle-wrapper"><div class="oct-accordion__text-wrapper"><h2 class="oct-text oct-text--standard oct-text--size_m oct-aem-text oct-aem-text--h2--variant-1 oct-accordion__text--primary" data-testid="text">Format</h2></div><div class="oct-accordion__icon-wrapper"><div class="symbol"></div></div></div></button><div><div class="oct-accordion__pannel oct-accordion--hidden" role="region"><ul class="checkbox-list-facet__children facet__children level-1"><li class="checkbox-list-facet__child facet__child"><label class="oct-checkbox"><input class="oct-checkbox__input" type="checkbox" data-testid="checkbox-input" value="" style=""><svg width="32px" height="32px" viewBox="0 0 32 32" version="1.1" xmlns="http://www.w3.org/2000/svg" xmlns:xlink="http://www.w3.org/1999/xlink" role="img" class="oct-icon" aria-hidden="true" aria-label="" style="height: 20px; width: 20px; fill: white;"><g stroke="none" stroke-width="1" fill-rule="evenodd"><polygon points="13 21.2 5.9 14.1 4.5 15.5 11.6 22.6 13 24 27.1 9.9 25.7 8.4"></polygon></g></svg><span data-testid="checkbox-label" class="checkbox__label">Cream<span class="checkbox-list-facet__child__count facet__child__count">(58)</span></span></label></li><li class="checkbox-list-facet__child facet__child"><label class="oct-checkbox"><input class="oct-checkbox__input" type="checkbox" data-testid="checkbox-input" value="" style=""><svg width="32px" height="32px" viewBox="0 0 32 32" version="1.1" xmlns="http://www.w3.org/2000/svg" xmlns:xlink="http://www.w3.org/1999/xlink" role="img" class="oct-icon" aria-hidden="true" aria-label="" style="height: 20px; width: 20px; fill: white;"><g stroke="none" stroke-width="1" fill-rule="evenodd"><polygon points="13 21.2 5.9 14.1 4.5 15.5 11.6 22.6 13 24 27.1 9.9 25.7 8.4"></polygon></g></svg><span data-testid="checkbox-label" class="checkbox__label">Liquid<span class="checkbox-list-facet__child__count facet__child__count">(28)</span></span></label></li><li class="checkbox-list-facet__child facet__child"><label class="oct-checkbox"><input class="oct-checkbox__input" type="checkbox" data-testid="checkbox-input" value="" style=""><svg width="32px" height="32px" viewBox="0 0 32 32" version="1.1" xmlns="http://www.w3.org/2000/svg" xmlns:xlink="http://www.w3.org/1999/xlink" role="img" class="oct-icon" aria-hidden="true" aria-label="" style="height: 20px; width: 20px; fill: white;"><g stroke="none" stroke-width="1" fill-rule="evenodd"><polygon points="13 21.2 5.9 14.1 4.5 15.5 11.6 22.6 13 24 27.1 9.9 25.7 8.4"></polygon></g></svg><span data-testid="checkbox-label" class="checkbox__label">Gel<span class="checkbox-list-facet__child__count facet__child__count">(15)</span></span></label></li><li class="checkbox-list-facet__child facet__child"><label class="oct-checkbox"><input class="oct-checkbox__input" type="checkbox" data-testid="checkbox-input" value="" style=""><svg width="32px" height="32px" viewBox="0 0 32 32" version="1.1" xmlns="http://www.w3.org/2000/svg" xmlns:xlink="http://www.w3.org/1999/xlink" role="img" class="oct-icon" aria-hidden="true" aria-label="" style="height: 20px; width: 20px; fill: white;"><g stroke="none" stroke-width="1" fill-rule="evenodd"><polygon points="13 21.2 5.9 14.1 4.5 15.5 11.6 22.6 13 24 27.1 9.9 25.7 8.4"></polygon></g></svg><span data-testid="checkbox-label" class="checkbox__label">Lotion<span class="checkbox-list-facet__child__count facet__child__count">(10)</span></span></label></li><li class="checkbox-list-facet__child facet__child"><label class="oct-checkbox"><input class="oct-checkbox__input" type="checkbox" data-testid="checkbox-input" value="" style=""><svg width="32px" height="32px" viewBox="0 0 32 32" version="1.1" xmlns="http://www.w3.org/2000/svg" xmlns:xlink="http://www.w3.org/1999/xlink" role="img" class="oct-icon" aria-hidden="true" aria-label="" style="height: 20px; width: 20px; fill: white;"><g stroke="none" stroke-width="1" fill-rule="evenodd"><polygon points="13 21.2 5.9 14.1 4.5 15.5 11.6 22.6 13 24 27.1 9.9 25.7 8.4"></polygon></g></svg><span data-testid="checkbox-label" class="checkbox__label">Balm<span class="checkbox-list-facet__child__count facet__child__count">(9)</span></span></label></li><li class="checkbox-list-facet__child facet__child"><label class="oct-checkbox"><input class="oct-checkbox__input" type="checkbox" data-testid="checkbox-input" value="" style=""><svg width="32px" height="32px" viewBox="0 0 32 32" version="1.1" xmlns="http://www.w3.org/2000/svg" xmlns:xlink="http://www.w3.org/1999/xlink" role="img" class="oct-icon" aria-hidden="true" aria-label="" style="height: 20px; width: 20px; fill: white;"><g stroke="none" stroke-width="1" fill-rule="evenodd"><polygon points="13 21.2 5.9 14.1 4.5 15.5 11.6 22.6 13 24 27.1 9.9 25.7 8.4"></polygon></g></svg><span data-testid="checkbox-label" class="checkbox__label">Mask<span class="checkbox-list-facet__child__count facet__child__count">(8)</span></span></label></li><li class="checkbox-list-facet__child facet__child"><label class="oct-checkbox"><input class="oct-checkbox__input" type="checkbox" data-testid="checkbox-input" value="" style=""><svg width="32px" height="32px" viewBox="0 0 32 32" version="1.1" xmlns="http://www.w3.org/2000/svg" xmlns:xlink="http://www.w3.org/1999/xlink" role="img" class="oct-icon" aria-hidden="true" aria-label="" style="height: 20px; width: 20px; fill: white;"><g stroke="none" stroke-width="1" fill-rule="evenodd"><polygon points="13 21.2 5.9 14.1 4.5 15.5 11.6 22.6 13 24 27.1 9.9 25.7 8.4"></polygon></g></svg><span data-testid="checkbox-label" class="checkbox__label">Serum<span class="checkbox-list-facet__child__count facet__child__count">(8)</span></span></label></li><li class="checkbox-list-facet__child facet__child"><label class="oct-checkbox"><input class="oct-checkbox__input" type="checkbox" data-testid="checkbox-input" value="" style=""><svg width="32px" height="32px" viewBox="0 0 32 32" version="1.1" xmlns="http://www.w3.org/2000/svg" xmlns:xlink="http://www.w3.org/1999/xlink" role="img" class="oct-icon" aria-hidden="true" aria-label="" style="height: 20px; width: 20px; fill: white;"><g stroke="none" stroke-width="1" fill-rule="evenodd"><polygon points="13 21.2 5.9 14.1 4.5 15.5 11.6 22.6 13 24 27.1 9.9 25.7 8.4"></polygon></g></svg><span data-testid="checkbox-label" class="checkbox__label">Oil<span class="checkbox-list-facet__child__count facet__child__count">(6)</span></span></label></li><li class="checkbox-list-facet__child facet__child"><label class="oct-checkbox"><input class="oct-checkbox__input" type="checkbox" data-testid="checkbox-input" value="" style=""><svg width="32px" height="32px" viewBox="0 0 32 32" version="1.1" xmlns="http://www.w3.org/2000/svg" xmlns:xlink="http://www.w3.org/1999/xlink" role="img" class="oct-icon" aria-hidden="true" aria-label="" style="height: 20px; width: 20px; fill: white;"><g stroke="none" stroke-width="1" fill-rule="evenodd"><polygon points="13 21.2 5.9 14.1 4.5 15.5 11.6 22.6 13 24 27.1 9.9 25.7 8.4"></polygon></g></svg><span data-testid="checkbox-label" class="checkbox__label">Sheet<span class="checkbox-list-facet__child__count facet__child__count">(5)</span></span></label></li><li class="checkbox-list-facet__child facet__child"><label class="oct-checkbox"><input class="oct-checkbox__input" type="checkbox" data-testid="checkbox-input" value="" style=""><svg width="32px" height="32px" viewBox="0 0 32 32" version="1.1" xmlns="http://www.w3.org/2000/svg" xmlns:xlink="http://www.w3.org/1999/xlink" role="img" class="oct-icon" aria-hidden="true" aria-label="" style="height: 20px; width: 20px; fill: white;"><g stroke="none" stroke-width="1" fill-rule="evenodd"><polygon points="13 21.2 5.9 14.1 4.5 15.5 11.6 22.6 13 24 27.1 9.9 25.7 8.4"></polygon></g></svg><span data-testid="checkbox-label" class="checkbox__label">Foam<span class="checkbox-list-facet__child__count facet__child__count">(4)</span></span></label></li></ul><button data-testid="button" class="oct-button oct-button--default oct-button--default-default oct-button--default-default-responsive checkbox-list-facet__view-all facet__view-all" aria-label="View all"><div class="oct-button__content">View all</div></button></div></div></div></div></div></li><li class="oct-listers-facets__item oct-listers-facets__item--free_from"><div class="checkbox-list-facet facet"><div class="oct-accordion" data-testid="oct-accordion"><div class="oct-accordion__item oct-accordion__item--noTransition"><button role="" class="oct-accordion__toggle oct-accordion__toggle--closed" aria-expanded="false" aria-label="Free from"><div class="oct-accordion__toggle-wrapper"><div class="oct-accordion__text-wrapper"><h2 class="oct-text oct-text--standard oct-text--size_m oct-aem-text oct-aem-text--h2--variant-1 oct-accordion__text--primary" data-testid="text">Free from</h2></div><div class="oct-accordion__icon-wrapper"><div class="symbol"></div></div></div></button><div><div class="oct-accordion__pannel oct-accordion--hidden" role="region"><ul class="checkbox-list-facet__children facet__children level-1"><li class="checkbox-list-facet__child facet__child"><label class="oct-checkbox"><input class="oct-checkbox__input" type="checkbox" data-testid="checkbox-input" value="" style=""><svg width="32px" height="32px" viewBox="0 0 32 32" version="1.1" xmlns="http://www.w3.org/2000/svg" xmlns:xlink="http://www.w3.org/1999/xlink" role="img" class="oct-icon" aria-hidden="true" aria-label="" style="height: 20px; width: 20px; fill: white;"><g stroke="none" stroke-width="1" fill-rule="evenodd"><polygon points="13 21.2 5.9 14.1 4.5 15.5 11.6 22.6 13 24 27.1 9.9 25.7 8.4"></polygon></g></svg><span data-testid="checkbox-label" class="checkbox__label">Paraben-free<span class="checkbox-list-facet__child__count facet__child__count">(39)</span></span></label></li><li class="checkbox-list-facet__child facet__child"><label class="oct-checkbox"><input class="oct-checkbox__input" type="checkbox" data-testid="checkbox-input" value="" style=""><svg width="32px" height="32px" viewBox="0 0 32 32" version="1.1" xmlns="http://www.w3.org/2000/svg" xmlns:xlink="http://www.w3.org/1999/xlink" role="img" class="oct-icon" aria-hidden="true" aria-label="" style="height: 20px; width: 20px; fill: white;"><g stroke="none" stroke-width="1" fill-rule="evenodd"><polygon points="13 21.2 5.9 14.1 4.5 15.5 11.6 22.6 13 24 27.1 9.9 25.7 8.4"></polygon></g></svg><span data-testid="checkbox-label" class="checkbox__label">Sulphate-free<span class="checkbox-list-facet__child__count facet__child__count">(22)</span></span></label></li><li class="checkbox-list-facet__child facet__child"><label class="oct-checkbox"><input class="oct-checkbox__input" type="checkbox" data-testid="checkbox-input" value="" style=""><svg width="32px" height="32px" viewBox="0 0 32 32" version="1.1" xmlns="http://www.w3.org/2000/svg" xmlns:xlink="http://www.w3.org/1999/xlink" role="img" class="oct-icon" aria-hidden="true" aria-label="" style="height: 20px; width: 20px; fill: white;"><g stroke="none" stroke-width="1" fill-rule="evenodd"><polygon points="13 21.2 5.9 14.1 4.5 15.5 11.6 22.6 13 24 27.1 9.9 25.7 8.4"></polygon></g></svg><span data-testid="checkbox-label" class="checkbox__label">Mineral oil-free<span class="checkbox-list-facet__child__count facet__child__count">(19)</span></span></label></li><li class="checkbox-list-facet__child facet__child"><label class="oct-checkbox"><input class="oct-checkbox__input" type="checkbox" data-testid="checkbox-input" value="" style=""><svg width="32px" height="32px" viewBox="0 0 32 32" version="1.1" xmlns="http://www.w3.org/2000/svg" xmlns:xlink="http://www.w3.org/1999/xlink" role="img" class="oct-icon" aria-hidden="true" aria-label="" style="height: 20px; width: 20px; fill: white;"><g stroke="none" stroke-width="1" fill-rule="evenodd"><polygon points="13 21.2 5.9 14.1 4.5 15.5 11.6 22.6 13 24 27.1 9.9 25.7 8.4"></polygon></g></svg><span data-testid="checkbox-label" class="checkbox__label">Fragrance-free<span class="checkbox-list-facet__child__count facet__child__count">(17)</span></span></label></li><li class="checkbox-list-facet__child facet__child"><label class="oct-checkbox"><input class="oct-checkbox__input" type="checkbox" data-testid="checkbox-input" value="" style=""><svg width="32px" height="32px" viewBox="0 0 32 32" version="1.1" xmlns="http://www.w3.org/2000/svg" xmlns:xlink="http://www.w3.org/1999/xlink" role="img" class="oct-icon" aria-hidden="true" aria-label="" style="height: 20px; width: 20px; fill: white;"><g stroke="none" stroke-width="1" fill-rule="evenodd"><polygon points="13 21.2 5.9 14.1 4.5 15.5 11.6 22.6 13 24 27.1 9.9 25.7 8.4"></polygon></g></svg><span data-testid="checkbox-label" class="checkbox__label">Alcohol-free<span class="checkbox-list-facet__child__count facet__child__count">(16)</span></span></label></li><li class="checkbox-list-facet__child facet__child"><label class="oct-checkbox"><input class="oct-checkbox__input" type="checkbox" data-testid="checkbox-input" value="" style=""><svg width="32px" height="32px" viewBox="0 0 32 32" version="1.1" xmlns="http://www.w3.org/2000/svg" xmlns:xlink="http://www.w3.org/1999/xlink" role="img" class="oct-icon" aria-hidden="true" aria-label="" style="height: 20px; width: 20px; fill: white;"><g stroke="none" stroke-width="1" fill-rule="evenodd"><polygon points="13 21.2 5.9 14.1 4.5 15.5 11.6 22.6 13 24 27.1 9.9 25.7 8.4"></polygon></g></svg><span data-testid="checkbox-label" class="checkbox__label">Gluten-free<span class="checkbox-list-facet__child__count facet__child__count">(9)</span></span></label></li><li class="checkbox-list-facet__child facet__child"><label class="oct-checkbox"><input class="oct-checkbox__input" type="checkbox" data-testid="checkbox-input" value="" style=""><svg width="32px" height="32px" viewBox="0 0 32 32" version="1.1" xmlns="http://www.w3.org/2000/svg" xmlns:xlink="http://www.w3.org/1999/xlink" role="img" class="oct-icon" aria-hidden="true" aria-label="" style="height: 20px; width: 20px; fill: white;"><g stroke="none" stroke-width="1" fill-rule="evenodd"><polygon points="13 21.2 5.9 14.1 4.5 15.5 11.6 22.6 13 24 27.1 9.9 25.7 8.4"></polygon></g></svg><span data-testid="checkbox-label" class="checkbox__label">Silicone-free<span class="checkbox-list-facet__child__count facet__child__count">(8)</span></span></label></li><li class="checkbox-list-facet__child facet__child"><label class="oct-checkbox"><input class="oct-checkbox__input" type="checkbox" data-testid="checkbox-input" value="" style=""><svg width="32px" height="32px" viewBox="0 0 32 32" version="1.1" xmlns="http://www.w3.org/2000/svg" xmlns:xlink="http://www.w3.org/1999/xlink" role="img" class="oct-icon" aria-hidden="true" aria-label="" style="height: 20px; width: 20px; fill: white;"><g stroke="none" stroke-width="1" fill-rule="evenodd"><polygon points="13 21.2 5.9 14.1 4.5 15.5 11.6 22.6 13 24 27.1 9.9 25.7 8.4"></polygon></g></svg><span data-testid="checkbox-label" class="checkbox__label">Talc-free<span class="checkbox-list-facet__child__count facet__child__count">(5)</span></span></label></li><li class="checkbox-list-facet__child facet__child"><label class="oct-checkbox"><input class="oct-checkbox__input" type="checkbox" data-testid="checkbox-input" value="" style=""><svg width="32px" height="32px" viewBox="0 0 32 32" version="1.1" xmlns="http://www.w3.org/2000/svg" xmlns:xlink="http://www.w3.org/1999/xlink" role="img" class="oct-icon" aria-hidden="true" aria-label="" style="height: 20px; width: 20px; fill: white;"><g stroke="none" stroke-width="1" fill-rule="evenodd"><polygon points="13 21.2 5.9 14.1 4.5 15.5 11.6 22.6 13 24 27.1 9.9 25.7 8.4"></polygon></g></svg><span data-testid="checkbox-label" class="checkbox__label">Artificial colours<span class="checkbox-list-facet__child__count facet__child__count">(3)</span></span></label></li><li class="checkbox-list-facet__child facet__child"><label class="oct-checkbox"><input class="oct-checkbox__input" type="checkbox" data-testid="checkbox-input" value="" style=""><svg width="32px" height="32px" viewBox="0 0 32 32" version="1.1" xmlns="http://www.w3.org/2000/svg" xmlns:xlink="http://www.w3.org/1999/xlink" role="img" class="oct-icon" aria-hidden="true" aria-label="" style="height: 20px; width: 20px; fill: white;"><g stroke="none" stroke-width="1" fill-rule="evenodd"><polygon points="13 21.2 5.9 14.1 4.5 15.5 11.6 22.6 13 24 27.1 9.9 25.7 8.4"></polygon></g></svg><span data-testid="checkbox-label" class="checkbox__label">Oil-free<span class="checkbox-list-facet__child__count facet__child__count">(3)</span></span></label></li></ul><button data-testid="button" class="oct-button oct-button--default oct-button--default-default oct-button--default-default-responsive checkbox-list-facet__view-all facet__view-all" aria-label="View all"><div class="oct-button__content">View all</div></button></div></div></div></div></div></li><li class="oct-listers-facets__item oct-listers-facets__item--fragrance_scent"><div class="checkbox-list-facet facet"><div class="oct-accordion" data-testid="oct-accordion"><div class="oct-accordion__item oct-accordion__item--noTransition"><button role="" class="oct-accordion__toggle oct-accordion__toggle--closed" aria-expanded="false" aria-label="Fragrance scent"><div class="oct-accordion__toggle-wrapper"><div class="oct-accordion__text-wrapper"><h2 class="oct-text oct-text--standard oct-text--size_m oct-aem-text oct-aem-text--h2--variant-1 oct-accordion__text--primary" data-testid="text">Fragrance scent</h2></div><div class="oct-accordion__icon-wrapper"><div class="symbol"></div></div></div></button><div><div class="oct-accordion__pannel oct-accordion--hidden" role="region"><ul class="checkbox-list-facet__children facet__children level-1"><li class="checkbox-list-facet__child facet__child"><label class="oct-checkbox"><input class="oct-checkbox__input" type="checkbox" data-testid="checkbox-input" value="" style=""><svg width="32px" height="32px" viewBox="0 0 32 32" version="1.1" xmlns="http://www.w3.org/2000/svg" xmlns:xlink="http://www.w3.org/1999/xlink" role="img" class="oct-icon" aria-hidden="true" aria-label="" style="height: 20px; width: 20px; fill: white;"><g stroke="none" stroke-width="1" fill-rule="evenodd"><polygon points="13 21.2 5.9 14.1 4.5 15.5 11.6 22.6 13 24 27.1 9.9 25.7 8.4"></polygon></g></svg><span data-testid="checkbox-label" class="checkbox__label">Citrus<span class="checkbox-list-facet__child__count facet__child__count">(2)</span></span></label></li><li class="checkbox-list-facet__child facet__child"><label class="oct-checkbox"><input class="oct-checkbox__input" type="checkbox" data-testid="checkbox-input" value="" style=""><svg width="32px" height="32px" viewBox="0 0 32 32" version="1.1" xmlns="http://www.w3.org/2000/svg" xmlns:xlink="http://www.w3.org/1999/xlink" role="img" class="oct-icon" aria-hidden="true" aria-label="" style="height: 20px; width: 20px; fill: white;"><g stroke="none" stroke-width="1" fill-rule="evenodd"><polygon points="13 21.2 5.9 14.1 4.5 15.5 11.6 22.6 13 24 27.1 9.9 25.7 8.4"></polygon></g></svg><span data-testid="checkbox-label" class="checkbox__label">Floral<span class="checkbox-list-facet__child__count facet__child__count">(2)</span></span></label></li></ul></div></div></div></div></div></li><li class="oct-listers-facets__item oct-listers-facets__item--suitable_for"><div class="checkbox-list-facet facet"><div class="oct-accordion" data-testid="oct-accordion"><div class="oct-accordion__item oct-accordion__item--noTransition"><button role="" class="oct-accordion__toggle oct-accordion__toggle--closed" aria-expanded="false" aria-label="Suitable for"><div class="oct-accordion__toggle-wrapper"><div class="oct-accordion__text-wrapper"><h2 class="oct-text oct-text--standard oct-text--size_m oct-aem-text oct-aem-text--h2--variant-1 oct-accordion__text--primary" data-testid="text">Suitable for</h2></div><div class="oct-accordion__icon-wrapper"><div class="symbol"></div></div></div></button><div><div class="oct-accordion__pannel oct-accordion--hidden" role="region"><ul class="checkbox-list-facet__children facet__children level-1"><li class="checkbox-list-facet__child facet__child"><label class="oct-checkbox"><input class="oct-checkbox__input" type="checkbox" data-testid="checkbox-input" value="" style=""><svg width="32px" height="32px" viewBox="0 0 32 32" version="1.1" xmlns="http://www.w3.org/2000/svg" xmlns:xlink="http://www.w3.org/1999/xlink" role="img" class="oct-icon" aria-hidden="true" aria-label="" style="height: 20px; width: 20px; fill: white;"><g stroke="none" stroke-width="1" fill-rule="evenodd"><polygon points="13 21.2 5.9 14.1 4.5 15.5 11.6 22.6 13 24 27.1 9.9 25.7 8.4"></polygon></g></svg><span data-testid="checkbox-label" class="checkbox__label">Vegan<span class="checkbox-list-facet__child__count facet__child__count">(67)</span></span></label></li><li class="checkbox-list-facet__child facet__child"><label class="oct-checkbox"><input class="oct-checkbox__input" type="checkbox" data-testid="checkbox-input" value="" style=""><svg width="32px" height="32px" viewBox="0 0 32 32" version="1.1" xmlns="http://www.w3.org/2000/svg" xmlns:xlink="http://www.w3.org/1999/xlink" role="img" class="oct-icon" aria-hidden="true" aria-label="" style="height: 20px; width: 20px; fill: white;"><g stroke="none" stroke-width="1" fill-rule="evenodd"><polygon points="13 21.2 5.9 14.1 4.5 15.5 11.6 22.6 13 24 27.1 9.9 25.7 8.4"></polygon></g></svg><span data-testid="checkbox-label" class="checkbox__label">Adults<span class="checkbox-list-facet__child__count facet__child__count">(14)</span></span></label></li><li class="checkbox-list-facet__child facet__child"><label class="oct-checkbox"><input class="oct-checkbox__input" type="checkbox" data-testid="checkbox-input" value="" style=""><svg width="32px" height="32px" viewBox="0 0 32 32" version="1.1" xmlns="http://www.w3.org/2000/svg" xmlns:xlink="http://www.w3.org/1999/xlink" role="img" class="oct-icon" aria-hidden="true" aria-label="" style="height: 20px; width: 20px; fill: white;"><g stroke="none" stroke-width="1" fill-rule="evenodd"><polygon points="13 21.2 5.9 14.1 4.5 15.5 11.6 22.6 13 24 27.1 9.9 25.7 8.4"></polygon></g></svg><span data-testid="checkbox-label" class="checkbox__label">Pregnancy<span class="checkbox-list-facet__child__count facet__child__count">(12)</span></span></label></li><li class="checkbox-list-facet__child facet__child"><label class="oct-checkbox"><input class="oct-checkbox__input" type="checkbox" data-testid="checkbox-input" value="" style=""><svg width="32px" height="32px" viewBox="0 0 32 32" version="1.1" xmlns="http://www.w3.org/2000/svg" xmlns:xlink="http://www.w3.org/1999/xlink" role="img" class="oct-icon" aria-hidden="true" aria-label="" style="height: 20px; width: 20px; fill: white;"><g stroke="none" stroke-width="1" fill-rule="evenodd"><polygon points="13 21.2 5.9 14.1 4.5 15.5 11.6 22.6 13 24 27.1 9.9 25.7 8.4"></polygon></g></svg><span data-testid="checkbox-label" class="checkbox__label">Vegetarian<span class="checkbox-list-facet__child__count facet__child__count">(7)</span></span></label></li><li class="checkbox-list-facet__child facet__child"><label class="oct-checkbox"><input class="oct-checkbox__input" type="checkbox" data-testid="checkbox-input" value="" style=""><svg width="32px" height="32px" viewBox="0 0 32 32" version="1.1" xmlns="http://www.w3.org/2000/svg" xmlns:xlink="http://www.w3.org/1999/xlink" role="img" class="oct-icon" aria-hidden="true" aria-label="" style="height: 20px; width: 20px; fill: white;"><g stroke="none" stroke-width="1" fill-rule="evenodd"><polygon points="13 21.2 5.9 14.1 4.5 15.5 11.6 22.6 13 24 27.1 9.9 25.7 8.4"></polygon></g></svg><span data-testid="checkbox-label" class="checkbox__label">Teens<span class="checkbox-list-facet__child__count facet__child__count">(6)</span></span></label></li><li class="checkbox-list-facet__child facet__child"><label class="oct-checkbox"><input class="oct-checkbox__input" type="checkbox" data-testid="checkbox-input" value="" style=""><svg width="32px" height="32px" viewBox="0 0 32 32" version="1.1" xmlns="http://www.w3.org/2000/svg" xmlns:xlink="http://www.w3.org/1999/xlink" role="img" class="oct-icon" aria-hidden="true" aria-label="" style="height: 20px; width: 20px; fill: white;"><g stroke="none" stroke-width="1" fill-rule="evenodd"><polygon points="13 21.2 5.9 14.1 4.5 15.5 11.6 22.6 13 24 27.1 9.9 25.7 8.4"></polygon></g></svg><span data-testid="checkbox-label" class="checkbox__label">Diabetic<span class="checkbox-list-facet__child__count facet__child__count">(2)</span></span></label></li><li class="checkbox-list-facet__child facet__child"><label class="oct-checkbox"><input class="oct-checkbox__input" type="checkbox" data-testid="checkbox-input" value="" style=""><svg width="32px" height="32px" viewBox="0 0 32 32" version="1.1" xmlns="http://www.w3.org/2000/svg" xmlns:xlink="http://www.w3.org/1999/xlink" role="img" class="oct-icon" aria-hidden="true" aria-label="" style="height: 20px; width: 20px; fill: white;"><g stroke="none" stroke-width="1" fill-rule="evenodd"><polygon points="13 21.2 5.9 14.1 4.5 15.5 11.6 22.6 13 24 27.1 9.9 25.7 8.4"></polygon></g></svg><span data-testid="checkbox-label" class="checkbox__label">Kids<span class="checkbox-list-facet__child__count facet__child__count">(1)</span></span></label></li></ul></div></div></div></div></div></li><li class="oct-listers-facets__item oct-listers-facets__item--finish"><div class="checkbox-list-facet facet"><div class="oct-accordion" data-testid="oct-accordion"><div class="oct-accordion__item oct-accordion__item--noTransition"><button role="" class="oct-accordion__toggle oct-accordion__toggle--closed" aria-expanded="false" aria-label="Finish"><div class="oct-accordion__toggle-wrapper"><div class="oct-accordion__text-wrapper"><h2 class="oct-text oct-text--standard oct-text--size_m oct-aem-text oct-aem-text--h2--variant-1 oct-accordion__text--primary" data-testid="text">Finish</h2></div><div class="oct-accordion__icon-wrapper"><div class="symbol"></div></div></div></button><div><div class="oct-accordion__pannel oct-accordion--hidden" role="region"><ul class="checkbox-list-facet__children facet__children level-1"><li class="checkbox-list-facet__child facet__child"><label class="oct-checkbox"><input class="oct-checkbox__input" type="checkbox" data-testid="checkbox-input" value="" style=""><svg width="32px" height="32px" viewBox="0 0 32 32" version="1.1" xmlns="http://www.w3.org/2000/svg" xmlns:xlink="http://www.w3.org/1999/xlink" role="img" class="oct-icon" aria-hidden="true" aria-label="" style="height: 20px; width: 20px; fill: white;"><g stroke="none" stroke-width="1" fill-rule="evenodd"><polygon points="13 21.2 5.9 14.1 4.5 15.5 11.6 22.6 13 24 27.1 9.9 25.7 8.4"></polygon></g></svg><span data-testid="checkbox-label" class="checkbox__label">Clear<span class="checkbox-list-facet__child__count facet__child__count">(7)</span></span></label></li><li class="checkbox-list-facet__child facet__child"><label class="oct-checkbox"><input class="oct-checkbox__input" type="checkbox" data-testid="checkbox-input" value="" style=""><svg width="32px" height="32px" viewBox="0 0 32 32" version="1.1" xmlns="http://www.w3.org/2000/svg" xmlns:xlink="http://www.w3.org/1999/xlink" role="img" class="oct-icon" aria-hidden="true" aria-label="" style="height: 20px; width: 20px; fill: white;"><g stroke="none" stroke-width="1" fill-rule="evenodd"><polygon points="13 21.2 5.9 14.1 4.5 15.5 11.6 22.6 13 24 27.1 9.9 25.7 8.4"></polygon></g></svg><span data-testid="checkbox-label" class="checkbox__label">Dewy<span class="checkbox-list-facet__child__count facet__child__count">(4)</span></span></label></li><li class="checkbox-list-facet__child facet__child"><label class="oct-checkbox"><input class="oct-checkbox__input" type="checkbox" data-testid="checkbox-input" value="" style=""><svg width="32px" height="32px" viewBox="0 0 32 32" version="1.1" xmlns="http://www.w3.org/2000/svg" xmlns:xlink="http://www.w3.org/1999/xlink" role="img" class="oct-icon" aria-hidden="true" aria-label="" style="height: 20px; width: 20px; fill: white;"><g stroke="none" stroke-width="1" fill-rule="evenodd"><polygon points="13 21.2 5.9 14.1 4.5 15.5 11.6 22.6 13 24 27.1 9.9 25.7 8.4"></polygon></g></svg><span data-testid="checkbox-label" class="checkbox__label">Radiance<span class="checkbox-list-facet__child__count facet__child__count">(4)</span></span></label></li><li class="checkbox-list-facet__child facet__child"><label class="oct-checkbox"><input class="oct-checkbox__input" type="checkbox" data-testid="checkbox-input" value="" style=""><svg width="32px" height="32px" viewBox="0 0 32 32" version="1.1" xmlns="http://www.w3.org/2000/svg" xmlns:xlink="http://www.w3.org/1999/xlink" role="img" class="oct-icon" aria-hidden="true" aria-label="" style="height: 20px; width: 20px; fill: white;"><g stroke="none" stroke-width="1" fill-rule="evenodd"><polygon points="13 21.2 5.9 14.1 4.5 15.5 11.6 22.6 13 24 27.1 9.9 25.7 8.4"></polygon></g></svg><span data-testid="checkbox-label" class="checkbox__label">Smoothing<span class="checkbox-list-facet__child__count facet__child__count">(3)</span></span></label></li><li class="checkbox-list-facet__child facet__child"><label class="oct-checkbox"><input class="oct-checkbox__input" type="checkbox" data-testid="checkbox-input" value="" style=""><svg width="32px" height="32px" viewBox="0 0 32 32" version="1.1" xmlns="http://www.w3.org/2000/svg" xmlns:xlink="http://www.w3.org/1999/xlink" role="img" class="oct-icon" aria-hidden="true" aria-label="" style="height: 20px; width: 20px; fill: white;"><g stroke="none" stroke-width="1" fill-rule="evenodd"><polygon points="13 21.2 5.9 14.1 4.5 15.5 11.6 22.6 13 24 27.1 9.9 25.7 8.4"></polygon></g></svg><span data-testid="checkbox-label" class="checkbox__label">Glow<span class="checkbox-list-facet__child__count facet__child__count">(2)</span></span></label></li><li class="checkbox-list-facet__child facet__child"><label class="oct-checkbox"><input class="oct-checkbox__input" type="checkbox" data-testid="checkbox-input" value="" style=""><svg width="32px" height="32px" viewBox="0 0 32 32" version="1.1" xmlns="http://www.w3.org/2000/svg" xmlns:xlink="http://www.w3.org/1999/xlink" role="img" class="oct-icon" aria-hidden="true" aria-label="" style="height: 20px; width: 20px; fill: white;"><g stroke="none" stroke-width="1" fill-rule="evenodd"><polygon points="13 21.2 5.9 14.1 4.5 15.5 11.6 22.6 13 24 27.1 9.9 25.7 8.4"></polygon></g></svg><span data-testid="checkbox-label" class="checkbox__label">Illuminating<span class="checkbox-list-facet__child__count facet__child__count">(2)</span></span></label></li><li class="checkbox-list-facet__child facet__child"><label class="oct-checkbox"><input class="oct-checkbox__input" type="checkbox" data-testid="checkbox-input" value="" style=""><svg width="32px" height="32px" viewBox="0 0 32 32" version="1.1" xmlns="http://www.w3.org/2000/svg" xmlns:xlink="http://www.w3.org/1999/xlink" role="img" class="oct-icon" aria-hidden="true" aria-label="" style="height: 20px; width: 20px; fill: white;"><g stroke="none" stroke-width="1" fill-rule="evenodd"><polygon points="13 21.2 5.9 14.1 4.5 15.5 11.6 22.6 13 24 27.1 9.9 25.7 8.4"></polygon></g></svg><span data-testid="checkbox-label" class="checkbox__label">Full coverage<span class="checkbox-list-facet__child__count facet__child__count">(1)</span></span></label></li><li class="checkbox-list-facet__child facet__child"><label class="oct-checkbox"><input class="oct-checkbox__input" type="checkbox" data-testid="checkbox-input" value="" style=""><svg width="32px" height="32px" viewBox="0 0 32 32" version="1.1" xmlns="http://www.w3.org/2000/svg" xmlns:xlink="http://www.w3.org/1999/xlink" role="img" class="oct-icon" aria-hidden="true" aria-label="" style="height: 20px; width: 20px; fill: white;"><g stroke="none" stroke-width="1" fill-rule="evenodd"><polygon points="13 21.2 5.9 14.1 4.5 15.5 11.6 22.6 13 24 27.1 9.9 25.7 8.4"></polygon></g></svg><span data-testid="checkbox-label" class="checkbox__label">Matte<span class="checkbox-list-facet__child__count facet__child__count">(1)</span></span></label></li><li class="checkbox-list-facet__child facet__child"><label class="oct-checkbox"><input class="oct-checkbox__input" type="checkbox" data-testid="checkbox-input" value="" style=""><svg width="32px" height="32px" viewBox="0 0 32 32" version="1.1" xmlns="http://www.w3.org/2000/svg" xmlns:xlink="http://www.w3.org/1999/xlink" role="img" class="oct-icon" aria-hidden="true" aria-label="" style="height: 20px; width: 20px; fill: white;"><g stroke="none" stroke-width="1" fill-rule="evenodd"><polygon points="13 21.2 5.9 14.1 4.5 15.5 11.6 22.6 13 24 27.1 9.9 25.7 8.4"></polygon></g></svg><span data-testid="checkbox-label" class="checkbox__label">Natural<span class="checkbox-list-facet__child__count facet__child__count">(1)</span></span></label></li></ul></div></div></div></div></div></li><li class="oct-listers-facets__item oct-listers-facets__item--condition"><div class="checkbox-list-facet facet"><div class="oct-accordion" data-testid="oct-accordion"><div class="oct-accordion__item oct-accordion__item--noTransition"><button role="" class="oct-accordion__toggle oct-accordion__toggle--closed" aria-expanded="false" aria-label="Condition"><div class="oct-accordion__toggle-wrapper"><div class="oct-accordion__text-wrapper"><h2 class="oct-text oct-text--standard oct-text--size_m oct-aem-text oct-aem-text--h2--variant-1 oct-accordion__text--primary" data-testid="text">Condition</h2></div><div class="oct-accordion__icon-wrapper"><div class="symbol"></div></div></div></button><div><div class="oct-accordion__pannel oct-accordion--hidden" role="region"><ul class="checkbox-list-facet__children facet__children level-1"><li class="checkbox-list-facet__child facet__child"><label class="oct-checkbox"><input class="oct-checkbox__input" type="checkbox" data-testid="checkbox-input" value="" style=""><svg width="32px" height="32px" viewBox="0 0 32 32" version="1.1" xmlns="http://www.w3.org/2000/svg" xmlns:xlink="http://www.w3.org/1999/xlink" role="img" class="oct-icon" aria-hidden="true" aria-label="" style="height: 20px; width: 20px; fill: white;"><g stroke="none" stroke-width="1" fill-rule="evenodd"><polygon points="13 21.2 5.9 14.1 4.5 15.5 11.6 22.6 13 24 27.1 9.9 25.7 8.4"></polygon></g></svg><span data-testid="checkbox-label" class="checkbox__label">Spots &amp; blemishes<span class="checkbox-list-facet__child__count facet__child__count">(3)</span></span></label></li><li class="checkbox-list-facet__child facet__child"><label class="oct-checkbox"><input class="oct-checkbox__input" type="checkbox" data-testid="checkbox-input" value="" style=""><svg width="32px" height="32px" viewBox="0 0 32 32" version="1.1" xmlns="http://www.w3.org/2000/svg" xmlns:xlink="http://www.w3.org/1999/xlink" role="img" class="oct-icon" aria-hidden="true" aria-label="" style="height: 20px; width: 20px; fill: white;"><g stroke="none" stroke-width="1" fill-rule="evenodd"><polygon points="13 21.2 5.9 14.1 4.5 15.5 11.6 22.6 13 24 27.1 9.9 25.7 8.4"></polygon></g></svg><span data-testid="checkbox-label" class="checkbox__label">Acne<span class="checkbox-list-facet__child__count facet__child__count">(2)</span></span></label></li><li class="checkbox-list-facet__child facet__child"><label class="oct-checkbox"><input class="oct-checkbox__input" type="checkbox" data-testid="checkbox-input" value="" style=""><svg width="32px" height="32px" viewBox="0 0 32 32" version="1.1" xmlns="http://www.w3.org/2000/svg" xmlns:xlink="http://www.w3.org/1999/xlink" role="img" class="oct-icon" aria-hidden="true" aria-label="" style="height: 20px; width: 20px; fill: white;"><g stroke="none" stroke-width="1" fill-rule="evenodd"><polygon points="13 21.2 5.9 14.1 4.5 15.5 11.6 22.6 13 24 27.1 9.9 25.7 8.4"></polygon></g></svg><span data-testid="checkbox-label" class="checkbox__label">Dry skin<span class="checkbox-list-facet__child__count facet__child__count">(2)</span></span></label></li><li class="checkbox-list-facet__child facet__child"><label class="oct-checkbox"><input class="oct-checkbox__input" type="checkbox" data-testid="checkbox-input" value="" style=""><svg width="32px" height="32px" viewBox="0 0 32 32" version="1.1" xmlns="http://www.w3.org/2000/svg" xmlns:xlink="http://www.w3.org/1999/xlink" role="img" class="oct-icon" aria-hidden="true" aria-label="" style="height: 20px; width: 20px; fill: white;"><g stroke="none" stroke-width="1" fill-rule="evenodd"><polygon points="13 21.2 5.9 14.1 4.5 15.5 11.6 22.6 13 24 27.1 9.9 25.7 8.4"></polygon></g></svg><span data-testid="checkbox-label" class="checkbox__label">Eczema-prone skin<span class="checkbox-list-facet__child__count facet__child__count">(1)</span></span></label></li><li class="checkbox-list-facet__child facet__child"><label class="oct-checkbox"><input class="oct-checkbox__input" type="checkbox" data-testid="checkbox-input" value="" style=""><svg width="32px" height="32px" viewBox="0 0 32 32" version="1.1" xmlns="http://www.w3.org/2000/svg" xmlns:xlink="http://www.w3.org/1999/xlink" role="img" class="oct-icon" aria-hidden="true" aria-label="" style="height: 20px; width: 20px; fill: white;"><g stroke="none" stroke-width="1" fill-rule="evenodd"><polygon points="13 21.2 5.9 14.1 4.5 15.5 11.6 22.6 13 24 27.1 9.9 25.7 8.4"></polygon></g></svg><span data-testid="checkbox-label" class="checkbox__label">Itching<span class="checkbox-list-facet__child__count facet__child__count">(1)</span></span></label></li></ul></div></div></div></div></div></li><li class="oct-listers-facets__item oct-listers-facets__item--skin_concern"><div class="checkbox-list-facet facet"><div class="oct-accordion" data-testid="oct-accordion"><div class="oct-accordion__item oct-accordion__item--noTransition"><button role="" class="oct-accordion__toggle oct-accordion__toggle--closed" aria-expanded="false" aria-label="Skin concern"><div class="oct-accordion__toggle-wrapper"><div class="oct-accordion__text-wrapper"><h2 class="oct-text oct-text--standard oct-text--size_m oct-aem-text oct-aem-text--h2--variant-1 oct-accordion__text--primary" data-testid="text">Skin concern</h2></div><div class="oct-accordion__icon-wrapper"><div class="symbol"></div></div></div></button><div><div class="oct-accordion__pannel oct-accordion--hidden" role="region"><ul class="checkbox-list-facet__children facet__children level-1"><li class="checkbox-list-facet__child facet__child"><label class="oct-checkbox"><input class="oct-checkbox__input" type="checkbox" data-testid="checkbox-input" value="" style=""><svg width="32px" height="32px" viewBox="0 0 32 32" version="1.1" xmlns="http://www.w3.org/2000/svg" xmlns:xlink="http://www.w3.org/1999/xlink" role="img" class="oct-icon" aria-hidden="true" aria-label="" style="height: 20px; width: 20px; fill: white;"><g stroke="none" stroke-width="1" fill-rule="evenodd"><polygon points="13 21.2 5.9 14.1 4.5 15.5 11.6 22.6 13 24 27.1 9.9 25.7 8.4"></polygon></g></svg><span data-testid="checkbox-label" class="checkbox__label">Blemish-prone<span class="checkbox-list-facet__child__count facet__child__count">(12)</span></span></label></li><li class="checkbox-list-facet__child facet__child"><label class="oct-checkbox"><input class="oct-checkbox__input" type="checkbox" data-testid="checkbox-input" value="" style=""><svg width="32px" height="32px" viewBox="0 0 32 32" version="1.1" xmlns="http://www.w3.org/2000/svg" xmlns:xlink="http://www.w3.org/1999/xlink" role="img" class="oct-icon" aria-hidden="true" aria-label="" style="height: 20px; width: 20px; fill: white;"><g stroke="none" stroke-width="1" fill-rule="evenodd"><polygon points="13 21.2 5.9 14.1 4.5 15.5 11.6 22.6 13 24 27.1 9.9 25.7 8.4"></polygon></g></svg><span data-testid="checkbox-label" class="checkbox__label">Anti-ageing<span class="checkbox-list-facet__child__count facet__child__count">(8)</span></span></label></li><li class="checkbox-list-facet__child facet__child"><label class="oct-checkbox"><input class="oct-checkbox__input" type="checkbox" data-testid="checkbox-input" value="" style=""><svg width="32px" height="32px" viewBox="0 0 32 32" version="1.1" xmlns="http://www.w3.org/2000/svg" xmlns:xlink="http://www.w3.org/1999/xlink" role="img" class="oct-icon" aria-hidden="true" aria-label="" style="height: 20px; width: 20px; fill: white;"><g stroke="none" stroke-width="1" fill-rule="evenodd"><polygon points="13 21.2 5.9 14.1 4.5 15.5 11.6 22.6 13 24 27.1 9.9 25.7 8.4"></polygon></g></svg><span data-testid="checkbox-label" class="checkbox__label">Brightening<span class="checkbox-list-facet__child__count facet__child__count">(8)</span></span></label></li><li class="checkbox-list-facet__child facet__child"><label class="oct-checkbox"><input class="oct-checkbox__input" type="checkbox" data-testid="checkbox-input" value="" style=""><svg width="32px" height="32px" viewBox="0 0 32 32" version="1.1" xmlns="http://www.w3.org/2000/svg" xmlns:xlink="http://www.w3.org/1999/xlink" role="img" class="oct-icon" aria-hidden="true" aria-label="" style="height: 20px; width: 20px; fill: white;"><g stroke="none" stroke-width="1" fill-rule="evenodd"><polygon points="13 21.2 5.9 14.1 4.5 15.5 11.6 22.6 13 24 27.1 9.9 25.7 8.4"></polygon></g></svg><span data-testid="checkbox-label" class="checkbox__label">Anti-wrinkle<span class="checkbox-list-facet__child__count facet__child__count">(7)</span></span></label></li><li class="checkbox-list-facet__child facet__child"><label class="oct-checkbox"><input class="oct-checkbox__input" type="checkbox" data-testid="checkbox-input" value="" style=""><svg width="32px" height="32px" viewBox="0 0 32 32" version="1.1" xmlns="http://www.w3.org/2000/svg" xmlns:xlink="http://www.w3.org/1999/xlink" role="img" class="oct-icon" aria-hidden="true" aria-label="" style="height: 20px; width: 20px; fill: white;"><g stroke="none" stroke-width="1" fill-rule="evenodd"><polygon points="13 21.2 5.9 14.1 4.5 15.5 11.6 22.6 13 24 27.1 9.9 25.7 8.4"></polygon></g></svg><span data-testid="checkbox-label" class="checkbox__label">Redness<span class="checkbox-list-facet__child__count facet__child__count">(6)</span></span></label></li><li class="checkbox-list-facet__child facet__child"><label class="oct-checkbox"><input class="oct-checkbox__input" type="checkbox" data-testid="checkbox-input" value="" style=""><svg width="32px" height="32px" viewBox="0 0 32 32" version="1.1" xmlns="http://www.w3.org/2000/svg" xmlns:xlink="http://www.w3.org/1999/xlink" role="img" class="oct-icon" aria-hidden="true" aria-label="" style="height: 20px; width: 20px; fill: white;"><g stroke="none" stroke-width="1" fill-rule="evenodd"><polygon points="13 21.2 5.9 14.1 4.5 15.5 11.6 22.6 13 24 27.1 9.9 25.7 8.4"></polygon></g></svg><span data-testid="checkbox-label" class="checkbox__label">Pigmentation<span class="checkbox-list-facet__child__count facet__child__count">(5)</span></span></label></li><li class="checkbox-list-facet__child facet__child"><label class="oct-checkbox"><input class="oct-checkbox__input" type="checkbox" data-testid="checkbox-input" value="" style=""><svg width="32px" height="32px" viewBox="0 0 32 32" version="1.1" xmlns="http://www.w3.org/2000/svg" xmlns:xlink="http://www.w3.org/1999/xlink" role="img" class="oct-icon" aria-hidden="true" aria-label="" style="height: 20px; width: 20px; fill: white;"><g stroke="none" stroke-width="1" fill-rule="evenodd"><polygon points="13 21.2 5.9 14.1 4.5 15.5 11.6 22.6 13 24 27.1 9.9 25.7 8.4"></polygon></g></svg><span data-testid="checkbox-label" class="checkbox__label">Pores<span class="checkbox-list-facet__child__count facet__child__count">(5)</span></span></label></li><li class="checkbox-list-facet__child facet__child"><label class="oct-checkbox"><input class="oct-checkbox__input" type="checkbox" data-testid="checkbox-input" value="" style=""><svg width="32px" height="32px" viewBox="0 0 32 32" version="1.1" xmlns="http://www.w3.org/2000/svg" xmlns:xlink="http://www.w3.org/1999/xlink" role="img" class="oct-icon" aria-hidden="true" aria-label="" style="height: 20px; width: 20px; fill: white;"><g stroke="none" stroke-width="1" fill-rule="evenodd"><polygon points="13 21.2 5.9 14.1 4.5 15.5 11.6 22.6 13 24 27.1 9.9 25.7 8.4"></polygon></g></svg><span data-testid="checkbox-label" class="checkbox__label">Dark circles<span class="checkbox-list-facet__child__count facet__child__count">(2)</span></span></label></li><li class="checkbox-list-facet__child facet__child"><label class="oct-checkbox"><input class="oct-checkbox__input" type="checkbox" data-testid="checkbox-input" value="" style=""><svg width="32px" height="32px" viewBox="0 0 32 32" version="1.1" xmlns="http://www.w3.org/2000/svg" xmlns:xlink="http://www.w3.org/1999/xlink" role="img" class="oct-icon" aria-hidden="true" aria-label="" style="height: 20px; width: 20px; fill: white;"><g stroke="none" stroke-width="1" fill-rule="evenodd"><polygon points="13 21.2 5.9 14.1 4.5 15.5 11.6 22.6 13 24 27.1 9.9 25.7 8.4"></polygon></g></svg><span data-testid="checkbox-label" class="checkbox__label">Dark spots<span class="checkbox-list-facet__child__count facet__child__count">(2)</span></span></label></li><li class="checkbox-list-facet__child facet__child"><label class="oct-checkbox"><input class="oct-checkbox__input" type="checkbox" data-testid="checkbox-input" value="" style=""><svg width="32px" height="32px" viewBox="0 0 32 32" version="1.1" xmlns="http://www.w3.org/2000/svg" xmlns:xlink="http://www.w3.org/1999/xlink" role="img" class="oct-icon" aria-hidden="true" aria-label="" style="height: 20px; width: 20px; fill: white;"><g stroke="none" stroke-width="1" fill-rule="evenodd"><polygon points="13 21.2 5.9 14.1 4.5 15.5 11.6 22.6 13 24 27.1 9.9 25.7 8.4"></polygon></g></svg><span data-testid="checkbox-label" class="checkbox__label">Blackheads<span class="checkbox-list-facet__child__count facet__child__count">(1)</span></span></label></li></ul></div></div></div></div></div></li><li class="oct-listers-facets__item oct-listers-facets__item--ingredients"><div class="checkbox-list-facet facet"><div class="oct-accordion" data-testid="oct-accordion"><div class="oct-accordion__item oct-accordion__item--noTransition"><button role="" class="oct-accordion__toggle oct-accordion__toggle--closed" aria-expanded="false" aria-label="Ingredients"><div class="oct-accordion__toggle-wrapper"><div class="oct-accordion__text-wrapper"><h2 class="oct-text oct-text--standard oct-text--size_m oct-aem-text oct-aem-text--h2--variant-1 oct-accordion__text--primary" data-testid="text">Ingredients</h2></div><div class="oct-accordion__icon-wrapper"><div class="symbol"></div></div></div></button><div><div class="oct-accordion__pannel oct-accordion--hidden" role="region"><ul class="checkbox-list-facet__children facet__children level-1"><li class="checkbox-list-facet__child facet__child"><label class="oct-checkbox"><input class="oct-checkbox__input" type="checkbox" data-testid="checkbox-input" value="" style=""><svg width="32px" height="32px" viewBox="0 0 32 32" version="1.1" xmlns="http://www.w3.org/2000/svg" xmlns:xlink="http://www.w3.org/1999/xlink" role="img" class="oct-icon" aria-hidden="true" aria-label="" style="height: 20px; width: 20px; fill: white;"><g stroke="none" stroke-width="1" fill-rule="evenodd"><polygon points="13 21.2 5.9 14.1 4.5 15.5 11.6 22.6 13 24 27.1 9.9 25.7 8.4"></polygon></g></svg><span data-testid="checkbox-label" class="checkbox__label">Hyaluronic acid<span class="checkbox-list-facet__child__count facet__child__count">(15)</span></span></label></li><li class="checkbox-list-facet__child facet__child"><label class="oct-checkbox"><input class="oct-checkbox__input" type="checkbox" data-testid="checkbox-input" value="" style=""><svg width="32px" height="32px" viewBox="0 0 32 32" version="1.1" xmlns="http://www.w3.org/2000/svg" xmlns:xlink="http://www.w3.org/1999/xlink" role="img" class="oct-icon" aria-hidden="true" aria-label="" style="height: 20px; width: 20px; fill: white;"><g stroke="none" stroke-width="1" fill-rule="evenodd"><polygon points="13 21.2 5.9 14.1 4.5 15.5 11.6 22.6 13 24 27.1 9.9 25.7 8.4"></polygon></g></svg><span data-testid="checkbox-label" class="checkbox__label">Shea butter<span class="checkbox-list-facet__child__count facet__child__count">(13)</span></span></label></li><li class="checkbox-list-facet__child facet__child"><label class="oct-checkbox"><input class="oct-checkbox__input" type="checkbox" data-testid="checkbox-input" value="" style=""><svg width="32px" height="32px" viewBox="0 0 32 32" version="1.1" xmlns="http://www.w3.org/2000/svg" xmlns:xlink="http://www.w3.org/1999/xlink" role="img" class="oct-icon" aria-hidden="true" aria-label="" style="height: 20px; width: 20px; fill: white;"><g stroke="none" stroke-width="1" fill-rule="evenodd"><polygon points="13 21.2 5.9 14.1 4.5 15.5 11.6 22.6 13 24 27.1 9.9 25.7 8.4"></polygon></g></svg><span data-testid="checkbox-label" class="checkbox__label">Ceramides<span class="checkbox-list-facet__child__count facet__child__count">(8)</span></span></label></li><li class="checkbox-list-facet__child facet__child"><label class="oct-checkbox"><input class="oct-checkbox__input" type="checkbox" data-testid="checkbox-input" value="" style=""><svg width="32px" height="32px" viewBox="0 0 32 32" version="1.1" xmlns="http://www.w3.org/2000/svg" xmlns:xlink="http://www.w3.org/1999/xlink" role="img" class="oct-icon" aria-hidden="true" aria-label="" style="height: 20px; width: 20px; fill: white;"><g stroke="none" stroke-width="1" fill-rule="evenodd"><polygon points="13 21.2 5.9 14.1 4.5 15.5 11.6 22.6 13 24 27.1 9.9 25.7 8.4"></polygon></g></svg><span data-testid="checkbox-label" class="checkbox__label">Vitamin c<span class="checkbox-list-facet__child__count facet__child__count">(8)</span></span></label></li><li class="checkbox-list-facet__child facet__child"><label class="oct-checkbox"><input class="oct-checkbox__input" type="checkbox" data-testid="checkbox-input" value="" style=""><svg width="32px" height="32px" viewBox="0 0 32 32" version="1.1" xmlns="http://www.w3.org/2000/svg" xmlns:xlink="http://www.w3.org/1999/xlink" role="img" class="oct-icon" aria-hidden="true" aria-label="" style="height: 20px; width: 20px; fill: white;"><g stroke="none" stroke-width="1" fill-rule="evenodd"><polygon points="13 21.2 5.9 14.1 4.5 15.5 11.6 22.6 13 24 27.1 9.9 25.7 8.4"></polygon></g></svg><span data-testid="checkbox-label" class="checkbox__label">Lactic acid<span class="checkbox-list-facet__child__count facet__child__count">(6)</span></span></label></li><li class="checkbox-list-facet__child facet__child"><label class="oct-checkbox"><input class="oct-checkbox__input" type="checkbox" data-testid="checkbox-input" value="" style=""><svg width="32px" height="32px" viewBox="0 0 32 32" version="1.1" xmlns="http://www.w3.org/2000/svg" xmlns:xlink="http://www.w3.org/1999/xlink" role="img" class="oct-icon" aria-hidden="true" aria-label="" style="height: 20px; width: 20px; fill: white;"><g stroke="none" stroke-width="1" fill-rule="evenodd"><polygon points="13 21.2 5.9 14.1 4.5 15.5 11.6 22.6 13 24 27.1 9.9 25.7 8.4"></polygon></g></svg><span data-testid="checkbox-label" class="checkbox__label">Niacinamide<span class="checkbox-list-facet__child__count facet__child__count">(6)</span></span></label></li><li class="checkbox-list-facet__child facet__child"><label class="oct-checkbox"><input class="oct-checkbox__input" type="checkbox" data-testid="checkbox-input" value="" style=""><svg width="32px" height="32px" viewBox="0 0 32 32" version="1.1" xmlns="http://www.w3.org/2000/svg" xmlns:xlink="http://www.w3.org/1999/xlink" role="img" class="oct-icon" aria-hidden="true" aria-label="" style="height: 20px; width: 20px; fill: white;"><g stroke="none" stroke-width="1" fill-rule="evenodd"><polygon points="13 21.2 5.9 14.1 4.5 15.5 11.6 22.6 13 24 27.1 9.9 25.7 8.4"></polygon></g></svg><span data-testid="checkbox-label" class="checkbox__label">Salicylic acid<span class="checkbox-list-facet__child__count facet__child__count">(6)</span></span></label></li><li class="checkbox-list-facet__child facet__child"><label class="oct-checkbox"><input class="oct-checkbox__input" type="checkbox" data-testid="checkbox-input" value="" style=""><svg width="32px" height="32px" viewBox="0 0 32 32" version="1.1" xmlns="http://www.w3.org/2000/svg" xmlns:xlink="http://www.w3.org/1999/xlink" role="img" class="oct-icon" aria-hidden="true" aria-label="" style="height: 20px; width: 20px; fill: white;"><g stroke="none" stroke-width="1" fill-rule="evenodd"><polygon points="13 21.2 5.9 14.1 4.5 15.5 11.6 22.6 13 24 27.1 9.9 25.7 8.4"></polygon></g></svg><span data-testid="checkbox-label" class="checkbox__label">Glycolic acid<span class="checkbox-list-facet__child__count facet__child__count">(4)</span></span></label></li><li class="checkbox-list-facet__child facet__child"><label class="oct-checkbox"><input class="oct-checkbox__input" type="checkbox" data-testid="checkbox-input" value="" style=""><svg width="32px" height="32px" viewBox="0 0 32 32" version="1.1" xmlns="http://www.w3.org/2000/svg" xmlns:xlink="http://www.w3.org/1999/xlink" role="img" class="oct-icon" aria-hidden="true" aria-label="" style="height: 20px; width: 20px; fill: white;"><g stroke="none" stroke-width="1" fill-rule="evenodd"><polygon points="13 21.2 5.9 14.1 4.5 15.5 11.6 22.6 13 24 27.1 9.9 25.7 8.4"></polygon></g></svg><span data-testid="checkbox-label" class="checkbox__label">Lavender<span class="checkbox-list-facet__child__count facet__child__count">(4)</span></span></label></li><li class="checkbox-list-facet__child facet__child"><label class="oct-checkbox"><input class="oct-checkbox__input" type="checkbox" data-testid="checkbox-input" value="" style=""><svg width="32px" height="32px" viewBox="0 0 32 32" version="1.1" xmlns="http://www.w3.org/2000/svg" xmlns:xlink="http://www.w3.org/1999/xlink" role="img" class="oct-icon" aria-hidden="true" aria-label="" style="height: 20px; width: 20px; fill: white;"><g stroke="none" stroke-width="1" fill-rule="evenodd"><polygon points="13 21.2 5.9 14.1 4.5 15.5 11.6 22.6 13 24 27.1 9.9 25.7 8.4"></polygon></g></svg><span data-testid="checkbox-label" class="checkbox__label">Peptides<span class="checkbox-list-facet__child__count facet__child__count">(4)</span></span></label></li></ul><button data-testid="button" class="oct-button oct-button--default oct-button--default-default oct-button--default-default-responsive checkbox-list-facet__view-all facet__view-all" aria-label="View all"><div class="oct-button__content">View all</div></button></div></div></div></div></div></li><li class="oct-listers-facets__item oct-listers-facets__item--active_ingredient"><div class="checkbox-list-facet facet"><div class="oct-accordion" data-testid="oct-accordion"><div class="oct-accordion__item oct-accordion__item--noTransition"><button role="" class="oct-accordion__toggle oct-accordion__toggle--closed" aria-expanded="false" aria-label="Active ingredient"><div class="oct-accordion__toggle-wrapper"><div class="oct-accordion__text-wrapper"><h2 class="oct-text oct-text--standard oct-text--size_m oct-aem-text oct-aem-text--h2--variant-1 oct-accordion__text--primary" data-testid="text">Active ingredient</h2></div><div class="oct-accordion__icon-wrapper"><div class="symbol"></div></div></div></button><div><div class="oct-accordion__pannel oct-accordion--hidden" role="region"><ul class="checkbox-list-facet__children facet__children level-1"><li class="checkbox-list-facet__child facet__child"><label class="oct-checkbox"><input class="oct-checkbox__input" type="checkbox" data-testid="checkbox-input" value="" style=""><svg width="32px" height="32px" viewBox="0 0 32 32" version="1.1" xmlns="http://www.w3.org/2000/svg" xmlns:xlink="http://www.w3.org/1999/xlink" role="img" class="oct-icon" aria-hidden="true" aria-label="" style="height: 20px; width: 20px; fill: white;"><g stroke="none" stroke-width="1" fill-rule="evenodd"><polygon points="13 21.2 5.9 14.1 4.5 15.5 11.6 22.6 13 24 27.1 9.9 25.7 8.4"></polygon></g></svg><span data-testid="checkbox-label" class="checkbox__label">Lavender oil<span class="checkbox-list-facet__child__count facet__child__count">(3)</span></span></label></li><li class="checkbox-list-facet__child facet__child"><label class="oct-checkbox"><input class="oct-checkbox__input" type="checkbox" data-testid="checkbox-input" value="" style=""><svg width="32px" height="32px" viewBox="0 0 32 32" version="1.1" xmlns="http://www.w3.org/2000/svg" xmlns:xlink="http://www.w3.org/1999/xlink" role="img" class="oct-icon" aria-hidden="true" aria-label="" style="height: 20px; width: 20px; fill: white;"><g stroke="none" stroke-width="1" fill-rule="evenodd"><polygon points="13 21.2 5.9 14.1 4.5 15.5 11.6 22.6 13 24 27.1 9.9 25.7 8.4"></polygon></g></svg><span data-testid="checkbox-label" class="checkbox__label">Glycerin<span class="checkbox-list-facet__child__count facet__child__count">(2)</span></span></label></li><li class="checkbox-list-facet__child facet__child"><label class="oct-checkbox"><input class="oct-checkbox__input" type="checkbox" data-testid="checkbox-input" value="" style=""><svg width="32px" height="32px" viewBox="0 0 32 32" version="1.1" xmlns="http://www.w3.org/2000/svg" xmlns:xlink="http://www.w3.org/1999/xlink" role="img" class="oct-icon" aria-hidden="true" aria-label="" style="height: 20px; width: 20px; fill: white;"><g stroke="none" stroke-width="1" fill-rule="evenodd"><polygon points="13 21.2 5.9 14.1 4.5 15.5 11.6 22.6 13 24 27.1 9.9 25.7 8.4"></polygon></g></svg><span data-testid="checkbox-label" class="checkbox__label">Salicylic acid<span class="checkbox-list-facet__child__count facet__child__count">(2)</span></span></label></li><li class="checkbox-list-facet__child facet__child"><label class="oct-checkbox"><input class="oct-checkbox__input" type="checkbox" data-testid="checkbox-input" value="" style=""><svg width="32px" height="32px" viewBox="0 0 32 32" version="1.1" xmlns="http://www.w3.org/2000/svg" xmlns:xlink="http://www.w3.org/1999/xlink" role="img" class="oct-icon" aria-hidden="true" aria-label="" style="height: 20px; width: 20px; fill: white;"><g stroke="none" stroke-width="1" fill-rule="evenodd"><polygon points="13 21.2 5.9 14.1 4.5 15.5 11.6 22.6 13 24 27.1 9.9 25.7 8.4"></polygon></g></svg><span data-testid="checkbox-label" class="checkbox__label">Zinc oxide<span class="checkbox-list-facet__child__count facet__child__count">(2)</span></span></label></li><li class="checkbox-list-facet__child facet__child"><label class="oct-checkbox"><input class="oct-checkbox__input" type="checkbox" data-testid="checkbox-input" value="" style=""><svg width="32px" height="32px" viewBox="0 0 32 32" version="1.1" xmlns="http://www.w3.org/2000/svg" xmlns:xlink="http://www.w3.org/1999/xlink" role="img" class="oct-icon" aria-hidden="true" aria-label="" style="height: 20px; width: 20px; fill: white;"><g stroke="none" stroke-width="1" fill-rule="evenodd"><polygon points="13 21.2 5.9 14.1 4.5 15.5 11.6 22.6 13 24 27.1 9.9 25.7 8.4"></polygon></g></svg><span data-testid="checkbox-label" class="checkbox__label">Dimethicone<span class="checkbox-list-facet__child__count facet__child__count">(1)</span></span></label></li><li class="checkbox-list-facet__child facet__child"><label class="oct-checkbox"><input class="oct-checkbox__input" type="checkbox" data-testid="checkbox-input" value="" style=""><svg width="32px" height="32px" viewBox="0 0 32 32" version="1.1" xmlns="http://www.w3.org/2000/svg" xmlns:xlink="http://www.w3.org/1999/xlink" role="img" class="oct-icon" aria-hidden="true" aria-label="" style="height: 20px; width: 20px; fill: white;"><g stroke="none" stroke-width="1" fill-rule="evenodd"><polygon points="13 21.2 5.9 14.1 4.5 15.5 11.6 22.6 13 24 27.1 9.9 25.7 8.4"></polygon></g></svg><span data-testid="checkbox-label" class="checkbox__label">Dimeticone<span class="checkbox-list-facet__child__count facet__child__count">(1)</span></span></label></li><li class="checkbox-list-facet__child facet__child"><label class="oct-checkbox"><input class="oct-checkbox__input" type="checkbox" data-testid="checkbox-input" value="" style=""><svg width="32px" height="32px" viewBox="0 0 32 32" version="1.1" xmlns="http://www.w3.org/2000/svg" xmlns:xlink="http://www.w3.org/1999/xlink" role="img" class="oct-icon" aria-hidden="true" aria-label="" style="height: 20px; width: 20px; fill: white;"><g stroke="none" stroke-width="1" fill-rule="evenodd"><polygon points="13 21.2 5.9 14.1 4.5 15.5 11.6 22.6 13 24 27.1 9.9 25.7 8.4"></polygon></g></svg><span data-testid="checkbox-label" class="checkbox__label">Urea<span class="checkbox-list-facet__child__count facet__child__count">(1)</span></span></label></li></ul></div></div></div></div></div></li><li class="oct-listers-facets__item oct-listers-facets__item--pharmacy_medicine"><div class="checkbox-list-facet facet"><div class="oct-accordion" data-testid="oct-accordion"><div class="oct-accordion__item oct-accordion__item--noTransition"><button role="" class="oct-accordion__toggle oct-accordion__toggle--closed" aria-expanded="false" aria-label="Pharmacy medicine"><div class="oct-accordion__toggle-wrapper"><div class="oct-accordion__text-wrapper"><h2 class="oct-text oct-text--standard oct-text--size_m oct-aem-text oct-aem-text--h2--variant-1 oct-accordion__text--primary" data-testid="text">Pharmacy medicine</h2></div><div class="oct-accordion__icon-wrapper"><div class="symbol"></div></div></div></button><div><div class="oct-accordion__pannel oct-accordion--hidden" role="region"><ul class="checkbox-list-facet__children facet__children level-1"><li class="checkbox-list-facet__child facet__child"><label class="oct-checkbox"><input class="oct-checkbox__input" type="checkbox" data-testid="checkbox-input" value="" style=""><svg width="32px" height="32px" viewBox="0 0 32 32" version="1.1" xmlns="http://www.w3.org/2000/svg" xmlns:xlink="http://www.w3.org/1999/xlink" role="img" class="oct-icon" aria-hidden="true" aria-label="" style="height: 20px; width: 20px; fill: white;"><g stroke="none" stroke-width="1" fill-rule="evenodd"><polygon points="13 21.2 5.9 14.1 4.5 15.5 11.6 22.6 13 24 27.1 9.9 25.7 8.4"></polygon></g></svg><span data-testid="checkbox-label" class="checkbox__label">No<span class="checkbox-list-facet__child__count facet__child__count">(273)</span></span></label></li></ul></div></div></div></div></div></li><li class="oct-listers-facets__item oct-listers-facets__item--pack_size"><div class="checkbox-list-facet facet"><div class="oct-accordion" data-testid="oct-accordion"><div class="oct-accordion__item oct-accordion__item--noTransition"><button role="" class="oct-accordion__toggle oct-accordion__toggle--closed" aria-expanded="false" aria-label="Pack size"><div class="oct-accordion__toggle-wrapper"><div class="oct-accordion__text-wrapper"><h2 class="oct-text oct-text--standard oct-text--size_m oct-aem-text oct-aem-text--h2--variant-1 oct-accordion__text--primary" data-testid="text">Pack size</h2></div><div class="oct-accordion__icon-wrapper"><div class="symbol"></div></div></div></button><div><div class="oct-accordion__pannel oct-accordion--hidden" role="region"><ul class="checkbox-list-facet__children facet__children level-1"><li class="checkbox-list-facet__child facet__child"><label class="oct-checkbox"><input class="oct-checkbox__input" type="checkbox" data-testid="checkbox-input" value="" style=""><svg width="32px" height="32px" viewBox="0 0 32 32" version="1.1" xmlns="http://www.w3.org/2000/svg" xmlns:xlink="http://www.w3.org/1999/xlink" role="img" class="oct-icon" aria-hidden="true" aria-label="" style="height: 20px; width: 20px; fill: white;"><g stroke="none" stroke-width="1" fill-rule="evenodd"><polygon points="13 21.2 5.9 14.1 4.5 15.5 11.6 22.6 13 24 27.1 9.9 25.7 8.4"></polygon></g></svg><span data-testid="checkbox-label" class="checkbox__label">21–30<span class="checkbox-list-facet__child__count facet__child__count">(1)</span></span></label></li></ul></div></div></div></div></div></li></ul><div class="oct-end-of-lhn" tabindex="-1">End of filters</div></div><div data-testid="cell" class="oct-grid__cell oct-grid__cell--width-10 oct-grid__cell--small-12 oct-grid__cell--medium-small-12 oct-grid__cell--medium-12 oct-grid__cell--medium-large-10 oct-listers-hits__wrapper oct-listers__loaded"><div data-testid="grid" class="oct-grid"><div data-testid="row" class="oct-grid__row oct-listers__children-row"><div data-testid="cell" class="oct-grid__cell oct-grid__cell--width-12 oct-listers-children-cell"><div data-testid="grid" class="oct-grid oct-aem-grid" columns="12" largecolumns="12"><div data-testid="row" class="oct-grid__row oct-grid__row--full-width"><div data-testid="cell" class="oct-grid__cell oct-grid__cell--width-12 oct-grid-aem__cell oct-grid-aem__cell__width--firstRow oct-grid-aem__cell__width--lastRow"><div class="oct-heading"><div class="oct-heading__text-container"><h1 class="oct-text oct-text--standard oct-text--size_m oct-aem-text oct-aem-text--h1--variant-1 oct-heading__text" data-testid="text">shop all skincare </h1></div></div></div></div><div data-testid="row" class="oct-grid__row oct-grid__row--full-width"><div data-testid="cell" class="oct-grid__cell oct-grid__cell--width-12 oct-grid-aem__cell oct-grid-aem__cell__width--firstRow oct-grid-aem__cell__width--lastRow"><div class="oct-experience-fragment oct-experience-fragment__single-row"><div data-testid="grid" class="oct-grid oct-aem-grid" columns="12" largecolumns="12"><div data-testid="row" class="oct-grid__row oct-grid__row--full-width"><div data-testid="cell" class="oct-grid__cell oct-grid__cell--width-12 oct-grid-aem__cell oct-grid-aem__cell__width--firstRow oct-grid-aem__cell__width--lastRow"><div data-testid="inner-html" class="oct-htmlSlot"><style>
  #SkincareFinder-2024-container {
    overflow-y: hidden;
    font-family: "Boots Sharp", arial, helvetica, clean, sans-serif;
    font-weight: 400;
    --button-colour: #fff;
    --button-invert: transparent;
    --BG-colour: #9a6c52;
    --BG-collapse-colour: #9a6c52;
    --font-colour: #fff;
    --font-colour-invert: #000;
    --background-expanded-desktop: url(https://boots.scene7.com/is/image/Boots/p10b%5FSkinMerchTool%5F1440x520?scl=1&fmt=png-alpha);
    --background-expanded-tablet: url(https://boots.scene7.com/is/image/Boots/p10b%5FSkinMerchTool%5F768X509?scl=1&fmt=png-alpha);
    --background-expanded-mobile: url(https://boots.scene7.com/is/image/Boots/p10b%5FSkinMerchTool%5F425X555?scl=1&fmt=png-alpha);
    --background-collapsed-desktop: url(https://boots.scene7.com/is/image/Boots/p10b%5FSkinMerchTool%5F1440x520?scl=1&fmt=png-alpha);
    --background-collapsed-tablet: url(https://boots.scene7.com/is/image/Boots/p10b%5FSkinMerchTool%5F768X509?scl=1&fmt=png-alpha);
    --background-collapsed-mobile: url(https://boots.scene7.com/is/image/Boots/p10b%5FSkinMerchTool%5F425X555?scl=1&fmt=png-alpha);
    --collapsed-colour: #9a6c52;
  }

  #SkincareFinder-2024-container *:focus-visible {
    outline: white !important;
    outline-offset: 2px !important;
    outline-style: solid !important;
    outline-width: 2px !important;
  }

  #SkincareFinder-2024-container .GiftFinder-2024Logo {
    display: flex;
    justify-content: center;
    align-items: center;
  }

  #SkincareFinder-2024-container .GiftFinder-2024Logo h2 {
    font-size: 20px;
    line-height: 26px;
    width: 300px;
    text-align: left;
    color: var(--font-colour);
  }

  #SkincareFinder-2024-container .GiftFinder-expandable {
    display: none;
    cursor: pointer;
  }
  #SkincareFinder-2024-container #GiftFinder-2024 {
    position: relative;
    display: flex;
    flex-direction: column;
    align-items: center;
    justify-content: center;
    padding: 36px 0;
    background: var(--background-expanded-desktop) no-repeat;
    background-size: cover;
    background-position: center;
    width: 100%;
    max-width: 100%;
  }

  #SkincareFinder-2024-container #GiftFinder-2024 .container {
    display: flex;
    flex-direction: column;
    align-items: center;
    background: var(--BG-colour);
    padding: 25px 21px 30px;
    color: var(--font-colour) !important;
    border-radius: 20px;
    height: 75%;
    width: 666px;
    max-width: 100%;
    text-align: center;
    z-index: 1;
  }
  #SkincareFinder-2024-container #GiftFinder-2024 .container button,
  #SkincareFinder-2024-container #GiftFinder-2024 .container p {
    color: var(--font-colour);
  }
  #SkincareFinder-2024-container #GiftFinder-2024 .container button {
    transition: 0.3s;
  }

  #SkincareFinder-2024-container #GiftFinder-2024 .container .choice-section {
    width: 100%;
  }
  #SkincareFinder-2024-container #GiftFinder-2024 .container .choice-section .choice-label {
    margin-bottom: 10px;
    font-size: 18px;
  }
  #SkincareFinder-2024-container #GiftFinder-2024 .container .choice-section select {
    position: relative;
    width: 443px;
    height: 40px;
    padding: 11px 30px 11px 11px;
    background-color: var(--BG-colour);
    border: 1px solid var(--font-colour);
    border-radius: 5px;
    color: #fff;
    font-family: inherit;
    text-transform: uppercase;
    font-weight: 400;
    -webkit-appearance: none;
    -moz-appearance: none;
    appearance: none;
    background-image: url("data:image/svg+xml,%3Csvg width='11' height='6' viewBox='0 0 11 6' fill='none' xmlns='http://www.w3.org/2000/svg'%3E%3Cpath d='M5.68893 6L0.385025 0.75L10.9928 0.749999L5.68893 6Z' fill='white'/%3E%3C/svg%3E%0A");
    background-position: 98% center;
    background-repeat: no-repeat;
    margin-bottom: 29px;
    cursor: pointer;
  }
  #SkincareFinder-2024-container #GiftFinder-2024 .container .choice-section select.selected,
  #SkincareFinder-2024-container #GiftFinder-2024 .container .choice-section select:active,
  #SkincareFinder-2024-container #GiftFinder-2024 .container .choice-section select:focus-visible {
    background-color: var(--BG-colour);
    background-image: url("data:image/svg+xml,%3Csvg width='11' height='6' viewBox='0 0 11 6' fill='none' xmlns='http://www.w3.org/2000/svg'%3E%3Cpath d='M5.68893 6L0.385025 0.75L10.9928 0.749999L5.68893 6Z' fill='white'/%3E%3C/svg%3E%0A");
    color: #fff !important;
    border-color: var(--font-colour);
  }
  #SkincareFinder-2024-container #GiftFinder-2024 .container .choice-section .choices-container {
    display: flex;
    flex-direction: row;
    justify-content: space-around;
    flex-wrap: wrap;
    width: 100%;
  }
  #SkincareFinder-2024-container #GiftFinder-2024 .container .choice-section .choices-container .mobile-separator {
    display: none;
  }

  @media screen and (max-width: 840px) {
    #SkincareFinder-2024-container #GiftFinder-2024 .container .choice-section .choices-container .mobile-separator {
      display: block;
      width: 100%;
      flex-shrink: 0;
    }
  }
  #SkincareFinder-2024-container #GiftFinder-2024 .container .choice-section .choices-container button.choice-button {
    border: 1px solid var(--font-colour);
    border-radius: 5px;
    background: 0 0;
    padding: 10px 12px;
    text-transform: uppercase;
    word-wrap: break-word;
    cursor: pointer;
    min-width: 80px;
  }
  #SkincareFinder-2024-container #GiftFinder-2024 .container .choice-section .choices-container button.choice-button.selected {
    color: var(--font-colour-invert);
    background-color: var(--button-colour);
  }
  #SkincareFinder-2024-container #GiftFinder-2024 .container .choice-section .choices-container button.choice-button:not(.selected):hover {
    background: var(--button-colour);
    color: var(--font-colour-invert);
  }
  #SkincareFinder-2024-container #GiftFinder-2024 .container a#find-my-gift {
    font-size: 14px;
    width: 170px;
    margin-top: 36px;
    background: var(--button-colour);
    color: var(--font-colour-invert);
    border: 1px solid var(--button-colour);
    border-radius: 5px;
    padding: 10px 14px;
    text-transform: uppercase;
    cursor: pointer;
    text-decoration: none;
  }
  #SkincareFinder-2024-container #GiftFinder-2024 .container a#find-my-gift:hover {
    background: var(--button-invert);
    color: var(--button-colour);
  }

  @media screen and (max-width: 850px) {
    #SkincareFinder-2024-container #GiftFinder-2024 {
      background: var(--background-expanded-tablet) no-repeat;
      background-size: cover;
    }

    #SkincareFinder-2024-container #GiftFinder-2024 .container .choice-section .choices-container {
      justify-content: center;
      flex-wrap: wrap;
    }
    #SkincareFinder-2024-container #GiftFinder-2024 {
      padding: 28px 0 27px;
    }
    #SkincareFinder-2024-container #GiftFinder-2024 .container {
      padding-left: 0;
      padding-right: 0;
    }

    #SkincareFinder-2024-container #GiftFinder-2024 .container .choice-section select {
      width: 276px;
      margin-bottom: 8px;
    }
    #SkincareFinder-2024-container #GiftFinder-2024 .container .choice-section .choices-container .choice-button {
      width: 133px;
      margin: 4px 7px;
    }
  }
  #SkincareFinder-2024-container.collapsed {
    height: 174px;
    position: relative;
  }
  #SkincareFinder-2024-container.collapsed #GiftFinder-2024 {
    display: none;
    background: 0 0;
  }
  #SkincareFinder-2024-container.collapsed .GiftFinder-expandable {
    display: block;
    position: absolute;
    inset: 0;
    overflow-x: hidden;
    overflow-y: hidden;
    cursor: pointer;
  }
  #SkincareFinder-2024-container.collapsed .GiftFinder-expandable .GiftFinder-background {
    background: var(--background-collapsed-tablet) no-repeat;
    background-size: cover;
    height: 200px;
    display: flex;
    align-items: center;
  }
  #SkincareFinder-2024-container.collapsed .GiftFinder-expandable .expandable-container {
    background: var(--collapsed-colour);
    height: 151px;
    width: 75%;
    border-top-left-radius: 20px;
    border-top-right-radius: 20px;
    display: flex;
    flex-direction: row;
    align-items: center;
    justify-content: center;
    gap: 7%;
    padding: 0 40px;
    z-index: 1;
    margin: 0 auto;
  }

  #SkincareFinder-2024-container.collapsed .GiftFinder-expandable .expandable-container .expandable-text {
    display: flex;
    flex-direction: column;
    color: var(--font-colour);
    font-size: 1.125rem;
    text-align: center;
  }
  #SkincareFinder-2024-container.collapsed .GiftFinder-expandable .expandable-container .expandable-text p {
    margin: 0;
    padding: 0 10px;
  }
  #SkincareFinder-2024-container.collapsed .GiftFinder-expandable .expandable-container .expandable-text .expandable-title {
    font-size: 1.625rem;
    line-height: 2rem;
    margin-bottom: 5px;
  }
  #SkincareFinder-2024-container.collapsed .GiftFinder-expandable .plus {
    width: 44px;
    height: 44px;
    background: var(--button-colour);
    border-radius: 50%;
  }

  #SkincareFinder-2024-container.collapsed .GiftFinder-expandable .plus:before {
    content: "+";
    height: 44px;
    width: 44px;
    font-size: 44px;
    display: flex;
    flex-direction: row;
    align-items: center;
    justify-content: center;
    font-weight: 100;
    font-family: "Boots Sharp", arial, helvetica, clean, sans-serif;
    color: var(--BG-collapse-colour);
  }

  @media screen and (max-width: 720px) {
    #SkincareFinder-2024-container #GiftFinder-2024 .container .choice-section .choice-label {
      margin-top: 12px;
      margin-bottom: 12px;
    }
  }

  @media screen and (max-width: 900px) {
    #SkincareFinder-2024-container.collapsed .GiftFinder-expandable .expandable-container {
      padding: 0 40px;
      width: unset;
      flex-direction: column;
      gap: 20px;
      height: 170px;
    }
    #SkincareFinder-2024-container.collapsed .GiftFinder-expandable .expandable-img {
      display: none;
    }
  }

  @media screen and (max-width: 720px) {
    #SkincareFinder-2024-container.collapsed {
      height: 185px;
    }
  }

  @media screen and (max-width: 575px) {
    #SkincareFinder-2024-container #GiftFinder-2024 {
      background: var(--background-expanded-mobile) no-repeat;
      background-size: cover;
    }

    #SkincareFinder-2024-container.collapsed .GiftFinder-expandable .GiftFinder-background {
      background: var(--background-collapsed-mobile) no-repeat;
      background-size: cover;
    }

    #SkincareFinder-2024-container #GiftFinder-2024 .container {
      width: 100% !important;
    }
    #SkincareFinder-2024-container #GiftFinder-2024 .container a#find-my-gift {
      margin-top: 20px;
    }
    #SkincareFinder-2024-container .GiftFinder-2024Logo {
      flex-flow: column;
    }

    #SkincareFinder-2024-container .GiftFinder-2024Logo h2 {
      flex-flow: column;
      text-align: center;
    }
  }
  @media screen and (max-width: 500px) {
    #SkincareFinder-2024-container #GiftFinder-2024 {
      height: 800px;
    }
    #SkincareFinder-2024-container #GiftFinder-2024 .container .choice-section .choices-container .choice-button:last-child {
      width: 276px;
    }

    #SkincareFinder-2024-container.collapsed .GiftFinder-expandable .expandable-container {
      background-size: cover;
      padding: 0 20px;
    }

    #SkincareFinder-2024-container.collapsed .GiftFinder-expandable .expandable-container .expandable-text {
      font-size: 16px;
    }
  }

  @media screen and (max-width: 365px) {
    #SkincareFinder-2024-container.collapsed .GiftFinder-expandable .expandable-container {
      padding: 0px;
    }
  }
</style>



<div aria-label="Gift finder" id="SkincareFinder-2024-container">
  <div class="oct-aem-text" id="GiftFinder-2024">
    <div class="container">
      <div class="GiftFinder-2024Logo">
        <h2>Discover your skincare saviours</h2>
      </div>
      <div class="choice-section">
        <p id="concern-label" class="choice-label">What are you looking for?</p>
        <select aria-labelledby="concern-label" class="choice-select" id="concern" name="concern">
          <option value="moisturiser">Moisturiser</option>
          <option value="serum">Serum</option>
          <option value="cleanser">Cleanser</option>
          <option value="face+mask">Face mask</option>
          <option value="body+lotion">Body lotion</option>
          <option value="eye+cream">Eye cream</option>
          <option value="night+cream">Night cream</option>
          <option value="day+cream">Day cream</option>
          <option value="toner">Toner</option>
          <option value="face+wash">Face wash</option>
          <option value="exfoliator">Exfoliator</option>
        </select>
      </div>
      <div class="choice-section">
        <p id="budget-label" class="choice-label">What's your budget?</p>
        <div aria-labelledby="budget-label" id="budget" role="group" class="choices-container">
          <button data-budget="<%3D5" aria-pressed="false" class="choice-button">£5 &amp; under</button>
          <button data-budget="<%3D10" aria-pressed="false" class="choice-button">£10 &amp; under</button>
          <div aria-hidden="true" class="mobile-separator"></div>
          <button data-budget="<%3D20" aria-pressed="false" class="choice-button">£20 &amp; under</button>
          <button data-budget="<%3D30" aria-pressed="false" class="choice-button">£30 &amp; under</button>
          <button data-budget=">%3D30" aria-pressed="false" class="choice-button">£30+</button>
        </div>
      </div>
      <a data-promo-position="Main|1|1" data-promo-creative="" data-promo-name="SkincareFinder" data-promo-id="" role="button" href="#" id="find-my-gift">View my results</a>
    </div>
  </div>
  <div aria-hidden="true" class="GiftFinder-expandable">
    <div class="GiftFinder-background">
      <div class="expandable-container">
        <div class="expandable-text">
          <p class="expandable-title">Gift finder</p>
          <p>Find beloved bestsellers &amp; never-before-seen staples with our Gift Finder!</p>
        </div>
        <div tabindex="0" class="plus" aria-label="Open Gift Finder" role="button"></div>
      </div>
    </div>
  </div>
</div>
</div></div></div></div></div></div></div></div></div></div><div data-testid="HeroFilterWrapper" class="oct-grid__row oct-listers__children-row"><div data-testid="cell" class="oct-grid__cell oct-grid__cell--width-12 oct-listers-children-cell"><div class="oct-hero-filter oct-hero-filter--1-line-slides oct-hero-filter--brand"><div class="oct-hero-filter__title">Filter by brand</div><div class="swiper swiper-initialized swiper-horizontal swiper-backface-hidden"><div class="swiper-wrapper" style="transition-duration: 0ms; transform: translate3d(20px, 0px, 0px);"><div class="swiper-slide oct-hero-filter-swiper-slide swiper-slide-active" aria-labelledby="slide-brand-0" role="checkbox" aria-checked="false" tabindex="0" style="margin-right: 20px;"><span id="slide-brand-0" hidden="">Show Boots</span><div class="oct-hero-filter-swiper-slide__content">Boots</div></div><div class="swiper-slide oct-hero-filter-swiper-slide swiper-slide-next" aria-labelledby="slide-brand-1" role="checkbox" aria-checked="false" tabindex="0" style="margin-right: 20px;"><span id="slide-brand-1" hidden="">Show Dr Jart</span><div class="oct-hero-filter-swiper-slide__content">Dr Jart</div></div><div class="swiper-slide oct-hero-filter-swiper-slide" aria-labelledby="slide-brand-2" role="checkbox" aria-checked="false" tabindex="0" style="margin-right: 20px;"><span id="slide-brand-2" hidden="">Show Fresh</span><div class="oct-hero-filter-swiper-slide__content">Fresh</div></div><div class="swiper-slide oct-hero-filter-swiper-slide" aria-labelledby="slide-brand-3" role="checkbox" aria-checked="false" tabindex="0" style="margin-right: 20px;"><span id="slide-brand-3" hidden="">Show Clinique</span><div class="oct-hero-filter-swiper-slide__content">Clinique</div></div><div class="swiper-slide oct-hero-filter-swiper-slide" aria-labelledby="slide-brand-4" role="checkbox" aria-checked="false" tabindex="0" style="margin-right: 20px;"><span id="slide-brand-4" hidden="">Show CosRX</span><div class="oct-hero-filter-swiper-slide__content">CosRX</div></div><div class="swiper-slide oct-hero-filter-swiper-slide" aria-labelledby="slide-brand-5" role="checkbox" aria-checked="false" tabindex="0" style="margin-right: 20px;"><span id="slide-brand-5" hidden="">Show Lancome</span><div class="oct-hero-filter-swiper-slide__content">Lancome</div></div><div class="swiper-slide oct-hero-filter-swiper-slide" aria-labelledby="slide-brand-6" role="checkbox" aria-checked="false" tabindex="0" style="margin-right: 20px;"><span id="slide-brand-6" hidden="">Show Botanics</span><div class="oct-hero-filter-swiper-slide__content">Botanics</div></div><div class="swiper-slide oct-hero-filter-swiper-slide" aria-labelledby="slide-brand-7" role="checkbox" aria-checked="false" tabindex="0" style="margin-right: 20px;"><span id="slide-brand-7" hidden="">Show Mallows</span><div class="oct-hero-filter-swiper-slide__content">Mallows</div></div><div class="swiper-slide oct-hero-filter-swiper-slide" aria-labelledby="slide-brand-8" role="checkbox" aria-checked="false" tabindex="0" style="margin-right: 20px;"><span id="slide-brand-8" hidden="">Show Origins</span><div class="oct-hero-filter-swiper-slide__content">Origins</div></div><div class="swiper-slide oct-hero-filter-swiper-slide" aria-labelledby="slide-brand-9" role="checkbox" aria-checked="false" tabindex="0" style="margin-right: 20px;"><span id="slide-brand-9" hidden="">Show Tree Hut</span><div class="oct-hero-filter-swiper-slide__content">Tree Hut</div></div></div><div class="swiper-button-prev swiper-button-disabled" tabindex="-1"></div><div class="swiper-button-next" tabindex="-1"></div></div></div></div></div><div class="oct-listers__viewport-top"></div><div data-testid="row" class="oct-grid__row oct-listers-hits__top"><div data-testid="cell" class="oct-grid__cell oct-grid__cell--width-12 oct-listers-hits__top__cell"><div class="oct-listers__pagination oct-listers__pagination-top oct-listers__pagination-top__no-chanel">Showing 48 of 285</div><div data-testid="oct-listers-sort-by" class="oct-listers-sort-by"><div id="dropdown-oct-listers-sort-by" data-testid="dropdown-oct-listers-sort-by" class="oct-dropdown"><div class="oct-dropdown__container"><div id="dropdown-oct-listers-sort-by-combobox" data-testid="dropdown-oct-listers-sort-by-combobox" role="combobox" aria-controls="dropdown-oct-listers-sort-by-listbox" aria-expanded="false" aria-haspopup="listbox" aria-labelledby="" aria-activedescendant="dropdown-oct-listers-sort-by-combobox" aria-label="Select sort by option" tabindex="0" class="oct-dropdown__container__combobox"><span role="textbox" title="Sort: Most relevant">Sort: Most relevant</span><svg width="20" height="20" viewBox="0 0 20 20" xmlns="http://www.w3.org/2000/svg" class="oct-icon" aria-hidden="true" aria-label="" style="height: 20px; width: 20px; fill: black;"><path d="m1.6 6.53 8.354 8.354 8.353-8.354-.707-.707-7.646 7.647-7.647-7.647z" fill="#05054B" fill-rule="evenodd"></path></svg></div></div></div></div></div></div><div data-testid="row" class="oct-grid__row oct-grid__row--full-width oct-listers-hits oct-listers-hits--with-inGrid" id="hits" data-insights-index="prod_live_products_uk"><div data-testid="cell" class="oct-grid__cell oct-grid__cell--width-3 oct-grid__cell--small-6 oct-grid__cell--medium-small-4 oct-grid__cell--medium-4 oct-grid__cell--medium-large-4 oct-listers-hits__item hit oct-listers__item--with-inGrid" data-insights-position="1" data-insights-query-id="9e35482c34e960965eebfb9265ec00be" data-insights-object-id="3107659" data-productid="10362814.P"><div class="oct-teaser-wrapper oct-teaser-with-basket oct-teaser-with-basket--productTile oct-teaser-with-lister-basket oct-teaser--listers oct-teaser--listers-default"><div class="oct-teaser oct-teaser--theme-productTile oct-teaser--border" style="text-align: left;"><div class="oct-teaser__promotion-offer-roundel-wrapper"><div class="oct-teaser__promotion-offer-roundel-item oct-teaser__promotion-offer-roundel-item--offer" aria-label="Item on offer" role="img">Offer</div></div><div class="oct-add-to-favorites" tabindex="0" role="checkbox" aria-checked="false" aria-label="Add item to favourites"><span class="oct-add-to-favorites__icon"></span></div><div class="oct-teaser__contents oct-teaser__contents--only-foreground-image"><div class="oct-teaser__contents-panel oct-teaser__contents-panel"><div class="oct-teaser__contents-panel--main-content"><div><img src="data:image/svg+xml;base64,PHN2ZyB4bWxucz0iaHR0cDovL3d3dy53My5vcmcvMjAwMC9zdmciIHdpZHRoPSIzMjUiIGhlaWdodD0iMzI1Ij48cmVjdCB3aWR0aD0iMTAwJSIgaGVpZ2h0PSIxMDAlIiBzdHlsZT0iZmlsbDojZjJmMmYyIi8+PC9zdmc+" alt="test" class="oct-image oct-teaser__contents-panel__logo oct-teaser__contents-panel__logo--small oct-image--lazy" data-testid="lazy-image" decoding="async" loading="lazy"></div><a href="https://www.boots.com/boots-easter-luxury-beauty-box-10362814" class="oct-link oct-link--theme-text oct-color--boots-blue oct-teaser__title-link" aria-label="" title="Boots Easter Luxury Beauty Box"><h3 class="oct-text oct-text--standard oct-text--size_m oct-aem-text oct-aem-text--h3--variant-1 oct-teaser__subtitle" data-testid="text">none</h3><div><h3 class="oct-text oct-text--standard oct-text--size_m oct-aem-text oct-aem-text--h3--variant-2 oct-teaser__title oct-teaser-with-listers" data-testid="text">Boots Easter Luxury Beauty Box</h3></div></a><div class="oct-reviews__reviews-container" aria-label=""><div class="oct-reviews"><div class="oct-reviews__icons" data-testid="reviews__icons"><span><svg xmlns="http://www.w3.org/2000/svg" width="10" height="20" viewBox="0 0 10 20" class="oct-icon" aria-hidden="true" aria-label="" style="height: 14px; width: auto; fill: rgb(255, 204, 0);"><g clip-path="url(#3b8wbmf19a)" transform="translate(-202 -2221)"><g clip-path="url(#n79ah32ilb)" transform="translate(202 2221)"><g clip-path="url(#h1bi9j7dcc)" transform="translate(1.25 2.5)"><path stroke="#767676" stroke-miterlimit="5" d="m8.75 12.188-5.143 2.51.982-5.318L.43 5.614l5.75-.776L8.75 0l2.572 4.838 5.75.776L12.91 9.38l.982 5.318-5.143-2.51z"></path></g></g></g></svg><svg xmlns="http://www.w3.org/2000/svg" width="10" height="20" viewBox="0 0 10 20" class="oct-icon" aria-hidden="true" aria-label="" style="height: 14px; width: auto; fill: rgb(255, 204, 0);"><g clip-path="url(#7gjj25igta)" transform="translate(-232 -2221)"><g clip-path="url(#dvqif6313b)" transform="translate(232 2221)"><g clip-path="url(#6r7ozri4zc)" transform="translate(-8.75 2.5)"><path stroke="#767676" stroke-miterlimit="5" d="m8.75 12.188-5.143 2.51.982-5.318L.43 5.614l5.75-.776L8.75 0l2.572 4.838 5.75.776L12.91 9.38l.982 5.318-5.143-2.51z"></path></g></g></g></svg></span><span><svg xmlns="http://www.w3.org/2000/svg" width="10" height="20" viewBox="0 0 10 20" class="oct-icon" aria-hidden="true" aria-label="" style="height: 14px; width: auto; fill: rgb(255, 204, 0);"><g clip-path="url(#3b8wbmf19a)" transform="translate(-202 -2221)"><g clip-path="url(#n79ah32ilb)" transform="translate(202 2221)"><g clip-path="url(#h1bi9j7dcc)" transform="translate(1.25 2.5)"><path stroke="#767676" stroke-miterlimit="5" d="m8.75 12.188-5.143 2.51.982-5.318L.43 5.614l5.75-.776L8.75 0l2.572 4.838 5.75.776L12.91 9.38l.982 5.318-5.143-2.51z"></path></g></g></g></svg><svg xmlns="http://www.w3.org/2000/svg" width="10" height="20" viewBox="0 0 10 20" class="oct-icon" aria-hidden="true" aria-label="" style="height: 14px; width: auto; fill: rgb(255, 204, 0);"><g clip-path="url(#7gjj25igta)" transform="translate(-232 -2221)"><g clip-path="url(#dvqif6313b)" transform="translate(232 2221)"><g clip-path="url(#6r7ozri4zc)" transform="translate(-8.75 2.5)"><path stroke="#767676" stroke-miterlimit="5" d="m8.75 12.188-5.143 2.51.982-5.318L.43 5.614l5.75-.776L8.75 0l2.572 4.838 5.75.776L12.91 9.38l.982 5.318-5.143-2.51z"></path></g></g></g></svg></span><span><svg xmlns="http://www.w3.org/2000/svg" width="10" height="20" viewBox="0 0 10 20" class="oct-icon" aria-hidden="true" aria-label="" style="height: 14px; width: auto; fill: rgb(255, 204, 0);"><g clip-path="url(#3b8wbmf19a)" transform="translate(-202 -2221)"><g clip-path="url(#n79ah32ilb)" transform="translate(202 2221)"><g clip-path="url(#h1bi9j7dcc)" transform="translate(1.25 2.5)"><path stroke="#767676" stroke-miterlimit="5" d="m8.75 12.188-5.143 2.51.982-5.318L.43 5.614l5.75-.776L8.75 0l2.572 4.838 5.75.776L12.91 9.38l.982 5.318-5.143-2.51z"></path></g></g></g></svg><svg xmlns="http://www.w3.org/2000/svg" width="10" height="20" viewBox="0 0 10 20" class="oct-icon" aria-hidden="true" aria-label="" style="height: 14px; width: auto; fill: rgb(255, 204, 0);"><g clip-path="url(#7gjj25igta)" transform="translate(-232 -2221)"><g clip-path="url(#dvqif6313b)" transform="translate(232 2221)"><g clip-path="url(#6r7ozri4zc)" transform="translate(-8.75 2.5)"><path stroke="#767676" stroke-miterlimit="5" d="m8.75 12.188-5.143 2.51.982-5.318L.43 5.614l5.75-.776L8.75 0l2.572 4.838 5.75.776L12.91 9.38l.982 5.318-5.143-2.51z"></path></g></g></g></svg></span><span><svg xmlns="http://www.w3.org/2000/svg" width="10" height="20" viewBox="0 0 10 20" class="oct-icon" aria-hidden="true" aria-label="" style="height: 14px; width: auto; fill: rgb(255, 204, 0);"><g clip-path="url(#3b8wbmf19a)" transform="translate(-202 -2221)"><g clip-path="url(#n79ah32ilb)" transform="translate(202 2221)"><g clip-path="url(#h1bi9j7dcc)" transform="translate(1.25 2.5)"><path stroke="#767676" stroke-miterlimit="5" d="m8.75 12.188-5.143 2.51.982-5.318L.43 5.614l5.75-.776L8.75 0l2.572 4.838 5.75.776L12.91 9.38l.982 5.318-5.143-2.51z"></path></g></g></g></svg><svg xmlns="http://www.w3.org/2000/svg" width="10" height="20" viewBox="0 0 10 20" class="oct-icon" aria-hidden="true" aria-label="" style="height: 14px; width: auto; fill: rgb(255, 204, 0);"><g clip-path="url(#7gjj25igta)" transform="translate(-232 -2221)"><g clip-path="url(#dvqif6313b)" transform="translate(232 2221)"><g clip-path="url(#6r7ozri4zc)" transform="translate(-8.75 2.5)"><path stroke="#767676" stroke-miterlimit="5" d="m8.75 12.188-5.143 2.51.982-5.318L.43 5.614l5.75-.776L8.75 0l2.572 4.838 5.75.776L12.91 9.38l.982 5.318-5.143-2.51z"></path></g></g></g></svg></span><span><svg xmlns="http://www.w3.org/2000/svg" width="10" height="20" viewBox="0 0 10 20" class="oct-icon" aria-hidden="true" aria-label="" style="height: 14px; width: auto; fill: rgb(255, 204, 0);"><g clip-path="url(#3b8wbmf19a)" transform="translate(-202 -2221)"><g clip-path="url(#n79ah32ilb)" transform="translate(202 2221)"><g clip-path="url(#h1bi9j7dcc)" transform="translate(1.25 2.5)"><path stroke="#767676" stroke-miterlimit="5" d="m8.75 12.188-5.143 2.51.982-5.318L.43 5.614l5.75-.776L8.75 0l2.572 4.838 5.75.776L12.91 9.38l.982 5.318-5.143-2.51z"></path></g></g></g></svg><svg xmlns="http://www.w3.org/2000/svg" width="10" height="20" viewBox="0 0 10 20" class="oct-icon" aria-hidden="true" aria-label="" style="height: 14px; width: auto; fill: rgb(255, 204, 0);"><g clip-path="url(#7gjj25igta)" transform="translate(-232 -2221)"><g clip-path="url(#dvqif6313b)" transform="translate(232 2221)"><g clip-path="url(#6r7ozri4zc)" transform="translate(-8.75 2.5)"><path stroke="#767676" stroke-miterlimit="5" d="m8.75 12.188-5.143 2.51.982-5.318L.43 5.614l5.75-.776L8.75 0l2.572 4.838 5.75.776L12.91 9.38l.982 5.318-5.143-2.51z"></path></g></g></g></svg></span></div><div class="oct-reviews__optionalText"><a href="https://www.boots.com/boots-easter-luxury-beauty-box-10362814#BVRRContainer" class="oct-link oct-link--theme-text oct-color--boots-blue oct-reviews__count" aria-label="5 stars out of 5. 5 reviews"><span class="oct-reviews__optionalTextCount">(5)</span></a></div></div></div><div class="oct-teaser__offer__container" aria-label=""><div class="oct-teaser__wrap"><button data-testid="button" class="oct-button oct-button--ellipses oct-button--cta oct-button--cta-default oct-button--cta-default-responsive oct-teaser__offer oct-teaser__offer--isAvailable oct-button--cta-custom" aria-label="Only £52 on Boots Easter Luxury Beauty Box"><div class="oct-button__content">Only £52 on Boots Easter Luxury Beauty Box</div></button></div></div><div class="oct-teaser__price-wrapper oct-teaser__price-wrapper--saving oct-teaser__price-wrapper--current"><div class="oct-teaser__price-col1-wrapper"><p class="oct-text oct-text--standard oct-text--size_m oct-aem-text oct-aem-text--p--variant-subtext oct-teaser__productPrice" data-testid="text">£52.00</p><div class="oct-teaser__product-price-wrapper"><p class="oct-text oct-text--standard oct-text--size_m oct-aem-text oct-aem-text--p--variant-subtext oct-teaser__productPriceSave" data-testid="text">Save £181.45</p></div><p class="oct-text oct-text--standard oct-text--size_m oct-aem-text oct-aem-text--p--variant-subtext oct-teaser__productPriceWas" data-testid="text">Worth £233.45</p></div></div><div class="oct-teaser__price-detail-wrapper"><p class="oct-text oct-text--standard oct-text--size_m oct-aem-text oct-aem-text--p--variant-subtext oct-teaser__productPriceDetail" data-testid="text"></p></div></div><div class="oct-teaser__calls-to-action oct-teaser__calls-to-action--two oct-teaser__calls-to-action--left"></div></div></div><div class="oct-teaser__foreground"><a href="https://www.boots.com/boots-easter-luxury-beauty-box-10362814" class="oct-link oct-link--theme-text oct-color--boots-blue oct-teaser-wrapper-link" tabindex="-1" aria-hidden="true" data-promo-creative="25% teaser" data-promo-position=""><div class="oct-image-link-wrapper"><img src="https://boots.scene7.com/is/image/Boots/10362814?op_sharpen=1" alt="Foreground image" class="oct-image oct-image--lazy" data-testid="lazy-image" decoding="async" loading="lazy"></div></a></div><div class="oct-teaser__calls-to-action oct-add-to-basket-callToAction oct-add-to-basket-callToAction--with-lister-basket"><div class="oct-add-to-basket"><div class="oct-input__iconContainer"><div></div><input type="hidden" class="oct-input" id="cmProductName_3107658" autocomplete="off" value="Boots Easter Luxury Beauty Box (10362814.P)" style=""></div><div class="oct-input__iconContainer"><div></div><input type="hidden" class="oct-input" id="catalogEntry_ID" name="catalogEntry_ID" autocomplete="off" value="3107658" style=""></div><div class="oct-input__iconContainer"><div></div><input type="hidden" class="oct-input" id="dlProductId_3107658" name="dlProductId_3107658" autocomplete="off" value="10362814.P" style=""></div><div class="oct-input__iconContainer"><div></div><input type="hidden" class="oct-input" id="dlProductName_3107658" name="dlProductName_3107658" autocomplete="off" value="Boots Easter Luxury Beauty Box" style=""></div><div class="oct-input__iconContainer"><div></div><input type="hidden" class="oct-input" id="dlParentCatentryID_10362814.P" name="dlParentCatentryID_10362814.P" autocomplete="off" value="3107658" style=""></div><div class="oct-input__iconContainer"><div></div><input type="hidden" class="oct-input" id="dlPackagePartNumber_3107658" name="dlPackagePartNumber_3107658" autocomplete="off" value="" style=""></div><div class="oct-add-to-basket__product_info-container"><div class="oct-add-to-basket__product_add noQuickBuy"><div class="oct-add-to-basket__quickBuySLPContainer quickBuySLPContainer"></div><div class="oct-add-to-basket__shopperActions shopperActions oct-add-to-basket__plp_shopperActions_redesign plp_shopperActions_redesign" id="shopperActionsRedesign3107658"><p class="oct-text oct-text--standard oct-text--size_m oct-aem-text oct-aem-text--p--variant-1 oct-add-to-basket__qty-errorMax qty_errorMax" data-testid="text" id="quantity_msg_3107658">Maximum quantity reached</p><div class="oct-add-to-basket__quantity-section quantity_section quantity_section_redesign" id="quantity_section_3107658"><button data-testid="button" class="oct-button oct-button--ellipses oct-button--cta oct-button--cta-default oct-button--cta-default-primaryTransparent oct-button--cta-default-responsive oct-aem-cta oct-add-to-basket__minus-quantity plus_quantity_disabled minus_quantity_redesign plus_quantity_disabled_redesign control-buttons oct-button--cta-midnight-blue-primary" to="" id="desreseQty_3107658" aria-label="Decrease Quantity Boots Easter Luxury Beauty Box" aria-hidden="false" data-icon="–"><div class="oct-button__content"></div></button><div class="oct-input__iconContainer"><div></div><input type="text" class="oct-input oct-add-to-basket__quantity-input quantity_input quantity_input_redesign" aria-label="quantity" name="quantity_$3107658" id="quantity_3107658" readonly="" maxlength="2" tabindex="-1" value="1" style=""></div><button data-testid="button" class="oct-button oct-button--ellipses oct-button--cta oct-button--cta-default oct-button--cta-default-primaryTransparent oct-button--cta-default-responsive oct-aem-cta oct-add-to-basket__plus-quantity plus_quantity plus_quantity_redesign control-buttons oct-button--cta-midnight-blue-primary" to="" id="increseQty_3107658" aria-label="Increase Quantity Boots Easter Luxury Beauty Box" aria-hidden="false" data-icon="+"><div class="oct-button__content"></div></button><div class="oct-add-to-basket__quantity-label quantity_label">in your basket</div></div><div class="oct-input__iconContainer"><div></div><input type="hidden" class="oct-input" name="freeGiftId_3107658" id="freeGiftId_3107658" value="" style=""></div><button data-testid="button" class="oct-button oct-button--ellipses oct-button--cta oct-button--cta-default oct-button--cta-default-primaryTransparent oct-button--cta-default-responsive oct-aem-cta oct-add-to-basket_button oct-button--cta-midnight-blue-primary" to="" id="add2CartBtn_3107658" eeindex="2" data-shop5="" aria-label="Add Boots Easter Luxury Beauty Box to basket"><div class="oct-button__content"><span class="oct-add-to-basket_button_text button_text button_text_redesign">Add to basket</span></div></button><div class="oct-input__iconContainer"><div></div><input type="hidden" class="oct-input" id="lister_orderItemId_3107658" name="lister_orderItemId" value="" style=""></div><div class="oct-input__iconContainer"><div></div><input type="hidden" class="oct-input" id="lister_orderItemQty_3107658" name="lister_orderItemId" value="0" style=""></div><div class="oct-add-to-basket--overlay" data-testid="oct-add-to-basket"><div class="oct-add-to-basket__overlay-popup oct-overlay-popup" id="basket_confirmation_popup_overlay"></div><div id="basket_confirmation_overlay_3107658" class="oct-add-to-basket__overlay-popup__dialog" style="display: none;"><div class="oct-add-to-basket__overlay-focus" role="dialog" aria-labelledby="3107658-dialog-message"><p class="oct-text oct-text--standard oct-text--size_m oct-aem-text oct-aem-text--p--variant-1 oct-add-to-basket__text" data-testid="text" id="3107658-dialog-message">Are you sure you want to remove this product?</p><a class="oct-link oct-link--theme-text oct-color--boots-blue oct-add-to-basket__close-btn" tabindex="0" title="Close overlay" role="button" aria-label="Close overlay">x</a><div class="row"><button data-testid="button" class="oct-button oct-button--default oct-button--default-default oct-button--default-default-responsive oct-add-to-basket__button-secondary oct-add-to-basket__button button" role="button"><div class="oct-button__content">Yes</div></button><button data-testid="button" class="oct-button oct-button--default oct-button--default-default oct-button--default-default-responsive oct-add-to-basket__button-tertiary oct-add-to-basket__button button" role="button"><div class="oct-button__content">No</div></button></div></div></div></div></div></div></div><div id="entitledItem_3107658" style="display: none;">[ { "catentry_id" : 3107659, "Attributes" : { }, "ItemImage" :
          "/wcsstore/eBootsStorefrontAssetStore/images/NoImageIcon.jpg",
          "ItemImage467" :
          "/wcsstore/eBootsStorefrontAssetStore/images/NoImageIcon.jpg",
          "ItemThumbnailImage" :
          "/wcsstore/eBootsStorefrontAssetStore/images/NoImageIcon_sm.jpg" } ]</div></div></div></div></div></div><div data-testid="cell" class="oct-grid__cell oct-grid__cell--width-3 oct-grid__cell--small-6 oct-grid__cell--medium-small-4 oct-grid__cell--medium-4 oct-grid__cell--medium-large-4 oct-listers-hits__item hit oct-listers__item--with-inGrid" data-insights-position="2" data-insights-query-id="9e35482c34e960965eebfb9265ec00be" data-insights-object-id="3057137" data-productid="10354530.P"><div class="oct-teaser-wrapper oct-teaser-with-basket oct-teaser-with-basket--productTile oct-teaser-with-lister-basket oct-teaser--listers oct-teaser--listers-default"><div class="oct-teaser oct-teaser--theme-productTile oct-teaser--border" style="text-align: left;"><div class="oct-teaser__promotion-offer-roundel-wrapper"><div class="oct-teaser__promotion-offer-roundel-item oct-teaser__promotion-offer-roundel-item--offer" aria-label="Item on offer" role="img">Offer</div></div><div class="oct-add-to-favorites" tabindex="0" role="checkbox" aria-checked="false" aria-label="Add item to favourites"><span class="oct-add-to-favorites__icon"></span></div><div class="oct-teaser__contents oct-teaser__contents--only-foreground-image"><div class="oct-teaser__contents-panel oct-teaser__contents-panel"><div class="oct-teaser__contents-panel--main-content"><div><img src="data:image/svg+xml;base64,PHN2ZyB4bWxucz0iaHR0cDovL3d3dy53My5vcmcvMjAwMC9zdmciIHdpZHRoPSIzMjUiIGhlaWdodD0iMzI1Ij48cmVjdCB3aWR0aD0iMTAwJSIgaGVpZ2h0PSIxMDAlIiBzdHlsZT0iZmlsbDojZjJmMmYyIi8+PC9zdmc+" alt="test" class="oct-image oct-teaser__contents-panel__logo oct-teaser__contents-panel__logo--small oct-image--lazy" data-testid="lazy-image" decoding="async" loading="lazy"></div><a href="https://www.boots.com/beauty-of-joseon-ground-rice-and-honey-glow-mask-150ml-10354530" class="oct-link oct-link--theme-text oct-color--boots-blue oct-teaser__title-link" aria-label="" title="Beauty of Joseon Ground Rice and Honey Glow Mask 150ml"><h3 class="oct-text oct-text--standard oct-text--size_m oct-aem-text oct-aem-text--h3--variant-1 oct-teaser__subtitle" data-testid="text">none</h3><div><h3 class="oct-text oct-text--standard oct-text--size_m oct-aem-text oct-aem-text--h3--variant-2 oct-teaser__title oct-teaser-with-listers" data-testid="text">Beauty of Joseon Ground Rice and Honey Glow Mask 150ml</h3></div></a><div class="oct-reviews__reviews-container" aria-label=""><div class="oct-reviews"><div class="oct-reviews__icons" data-testid="reviews__icons"><span><svg xmlns="http://www.w3.org/2000/svg" width="10" height="20" viewBox="0 0 10 20" class="oct-icon" aria-hidden="true" aria-label="" style="height: 14px; width: auto; fill: rgb(255, 204, 0);"><g clip-path="url(#3b8wbmf19a)" transform="translate(-202 -2221)"><g clip-path="url(#n79ah32ilb)" transform="translate(202 2221)"><g clip-path="url(#h1bi9j7dcc)" transform="translate(1.25 2.5)"><path stroke="#767676" stroke-miterlimit="5" d="m8.75 12.188-5.143 2.51.982-5.318L.43 5.614l5.75-.776L8.75 0l2.572 4.838 5.75.776L12.91 9.38l.982 5.318-5.143-2.51z"></path></g></g></g></svg><svg xmlns="http://www.w3.org/2000/svg" width="10" height="20" viewBox="0 0 10 20" class="oct-icon" aria-hidden="true" aria-label="" style="height: 14px; width: auto; fill: rgb(255, 204, 0);"><g clip-path="url(#7gjj25igta)" transform="translate(-232 -2221)"><g clip-path="url(#dvqif6313b)" transform="translate(232 2221)"><g clip-path="url(#6r7ozri4zc)" transform="translate(-8.75 2.5)"><path stroke="#767676" stroke-miterlimit="5" d="m8.75 12.188-5.143 2.51.982-5.318L.43 5.614l5.75-.776L8.75 0l2.572 4.838 5.75.776L12.91 9.38l.982 5.318-5.143-2.51z"></path></g></g></g></svg></span><span><svg xmlns="http://www.w3.org/2000/svg" width="10" height="20" viewBox="0 0 10 20" class="oct-icon" aria-hidden="true" aria-label="" style="height: 14px; width: auto; fill: rgb(255, 204, 0);"><g clip-path="url(#3b8wbmf19a)" transform="translate(-202 -2221)"><g clip-path="url(#n79ah32ilb)" transform="translate(202 2221)"><g clip-path="url(#h1bi9j7dcc)" transform="translate(1.25 2.5)"><path stroke="#767676" stroke-miterlimit="5" d="m8.75 12.188-5.143 2.51.982-5.318L.43 5.614l5.75-.776L8.75 0l2.572 4.838 5.75.776L12.91 9.38l.982 5.318-5.143-2.51z"></path></g></g></g></svg><svg xmlns="http://www.w3.org/2000/svg" width="10" height="20" viewBox="0 0 10 20" class="oct-icon" aria-hidden="true" aria-label="" style="height: 14px; width: auto; fill: rgb(255, 204, 0);"><g clip-path="url(#7gjj25igta)" transform="translate(-232 -2221)"><g clip-path="url(#dvqif6313b)" transform="translate(232 2221)"><g clip-path="url(#6r7ozri4zc)" transform="translate(-8.75 2.5)"><path stroke="#767676" stroke-miterlimit="5" d="m8.75 12.188-5.143 2.51.982-5.318L.43 5.614l5.75-.776L8.75 0l2.572 4.838 5.75.776L12.91 9.38l.982 5.318-5.143-2.51z"></path></g></g></g></svg></span><span><svg xmlns="http://www.w3.org/2000/svg" width="10" height="20" viewBox="0 0 10 20" class="oct-icon" aria-hidden="true" aria-label="" style="height: 14px; width: auto; fill: rgb(255, 204, 0);"><g clip-path="url(#3b8wbmf19a)" transform="translate(-202 -2221)"><g clip-path="url(#n79ah32ilb)" transform="translate(202 2221)"><g clip-path="url(#h1bi9j7dcc)" transform="translate(1.25 2.5)"><path stroke="#767676" stroke-miterlimit="5" d="m8.75 12.188-5.143 2.51.982-5.318L.43 5.614l5.75-.776L8.75 0l2.572 4.838 5.75.776L12.91 9.38l.982 5.318-5.143-2.51z"></path></g></g></g></svg><svg xmlns="http://www.w3.org/2000/svg" width="10" height="20" viewBox="0 0 10 20" class="oct-icon" aria-hidden="true" aria-label="" style="height: 14px; width: auto; fill: rgb(255, 204, 0);"><g clip-path="url(#7gjj25igta)" transform="translate(-232 -2221)"><g clip-path="url(#dvqif6313b)" transform="translate(232 2221)"><g clip-path="url(#6r7ozri4zc)" transform="translate(-8.75 2.5)"><path stroke="#767676" stroke-miterlimit="5" d="m8.75 12.188-5.143 2.51.982-5.318L.43 5.614l5.75-.776L8.75 0l2.572 4.838 5.75.776L12.91 9.38l.982 5.318-5.143-2.51z"></path></g></g></g></svg></span><span><svg xmlns="http://www.w3.org/2000/svg" width="10" height="20" viewBox="0 0 10 20" class="oct-icon" aria-hidden="true" aria-label="" style="height: 14px; width: auto; fill: rgb(255, 204, 0);"><g clip-path="url(#3b8wbmf19a)" transform="translate(-202 -2221)"><g clip-path="url(#n79ah32ilb)" transform="translate(202 2221)"><g clip-path="url(#h1bi9j7dcc)" transform="translate(1.25 2.5)"><path stroke="#767676" stroke-miterlimit="5" d="m8.75 12.188-5.143 2.51.982-5.318L.43 5.614l5.75-.776L8.75 0l2.572 4.838 5.75.776L12.91 9.38l.982 5.318-5.143-2.51z"></path></g></g></g></svg><svg xmlns="http://www.w3.org/2000/svg" width="10" height="20" viewBox="0 0 10 20" class="oct-icon" aria-hidden="true" aria-label="" style="height: 14px; width: auto; fill: rgb(255, 204, 0);"><g clip-path="url(#7gjj25igta)" transform="translate(-232 -2221)"><g clip-path="url(#dvqif6313b)" transform="translate(232 2221)"><g clip-path="url(#6r7ozri4zc)" transform="translate(-8.75 2.5)"><path stroke="#767676" stroke-miterlimit="5" d="m8.75 12.188-5.143 2.51.982-5.318L.43 5.614l5.75-.776L8.75 0l2.572 4.838 5.75.776L12.91 9.38l.982 5.318-5.143-2.51z"></path></g></g></g></svg></span><span><svg xmlns="http://www.w3.org/2000/svg" width="10" height="20" viewBox="0 0 10 20" class="oct-icon" aria-hidden="true" aria-label="" style="height: 14px; width: auto; fill: rgb(255, 204, 0);"><g clip-path="url(#3b8wbmf19a)" transform="translate(-202 -2221)"><g clip-path="url(#n79ah32ilb)" transform="translate(202 2221)"><g clip-path="url(#h1bi9j7dcc)" transform="translate(1.25 2.5)"><path stroke="#767676" stroke-miterlimit="5" d="m8.75 12.188-5.143 2.51.982-5.318L.43 5.614l5.75-.776L8.75 0l2.572 4.838 5.75.776L12.91 9.38l.982 5.318-5.143-2.51z"></path></g></g></g></svg><svg xmlns="http://www.w3.org/2000/svg" width="10" height="20" viewBox="0 0 10 20" class="oct-icon" aria-hidden="true" aria-label="" style="height: 14px; width: auto; fill: rgb(255, 204, 0);"><g clip-path="url(#7gjj25igta)" transform="translate(-232 -2221)"><g clip-path="url(#dvqif6313b)" transform="translate(232 2221)"><g clip-path="url(#6r7ozri4zc)" transform="translate(-8.75 2.5)"><path stroke="#767676" stroke-miterlimit="5" d="m8.75 12.188-5.143 2.51.982-5.318L.43 5.614l5.75-.776L8.75 0l2.572 4.838 5.75.776L12.91 9.38l.982 5.318-5.143-2.51z"></path></g></g></g></svg></span></div><div class="oct-reviews__optionalText"><a href="https://www.boots.com/beauty-of-joseon-ground-rice-and-honey-glow-mask-150ml-10354530#BVRRContainer" class="oct-link oct-link--theme-text oct-color--boots-blue oct-reviews__count" aria-label="5 stars out of 5. 5 reviews"><span class="oct-reviews__optionalTextCount">(5)</span></a></div></div></div><div class="oct-teaser__offer__container" aria-label=""><div class="oct-teaser__wrap"><button data-testid="button" class="oct-button oct-button--ellipses oct-button--cta oct-button--cta-default oct-button--cta-default-responsive oct-teaser__offer oct-teaser__offer--isAvailable oct-button--cta-custom" aria-label="Save 10 percent on selected Beauty Skincare"><div class="oct-button__content">Save 10 percent on selected Beauty Skincare</div></button></div></div><div class="oct-teaser__price-wrapper oct-teaser__price-wrapper--saving oct-teaser__price-wrapper--current"><div class="oct-teaser__price-col1-wrapper"><p class="oct-text oct-text--standard oct-text--size_m oct-aem-text oct-aem-text--p--variant-subtext oct-teaser__productPrice" data-testid="text">£13.95</p><div class="oct-teaser__product-price-wrapper"><p class="oct-text oct-text--standard oct-text--size_m oct-aem-text oct-aem-text--p--variant-subtext oct-teaser__productPriceSave" data-testid="text">Save £1.55</p></div><p class="oct-text oct-text--standard oct-text--size_m oct-aem-text oct-aem-text--p--variant-subtext oct-teaser__productPriceWas" data-testid="text">Was £15.50</p></div></div><div class="oct-teaser__price-detail-wrapper"><p class="oct-text oct-text--standard oct-text--size_m oct-aem-text oct-aem-text--p--variant-subtext oct-teaser__productPriceDetail" data-testid="text">150ML | £9.30 per 100ML</p></div></div><div class="oct-teaser__calls-to-action oct-teaser__calls-to-action--two oct-teaser__calls-to-action--left"></div></div></div><div class="oct-teaser__foreground"><a href="https://www.boots.com/beauty-of-joseon-ground-rice-and-honey-glow-mask-150ml-10354530" class="oct-link oct-link--theme-text oct-color--boots-blue oct-teaser-wrapper-link" tabindex="-1" aria-hidden="true" data-promo-creative="25% teaser" data-promo-position=""><div class="oct-image-link-wrapper"><img src="https://boots.scene7.com/is/image/Boots/10354530?op_sharpen=1" alt="Foreground image" class="oct-image oct-image--lazy" data-testid="lazy-image" decoding="async" loading="lazy"></div></a></div><div class="oct-teaser__calls-to-action oct-add-to-basket-callToAction oct-add-to-basket-callToAction--with-lister-basket"><div class="oct-add-to-basket"><div class="oct-input__iconContainer"><div></div><input type="hidden" class="oct-input" id="cmProductName_3057136" autocomplete="off" value="Beauty of Joseon Ground Rice and Honey Glow Mask 150ml (10354530.P)" style=""></div><div class="oct-input__iconContainer"><div></div><input type="hidden" class="oct-input" id="catalogEntry_ID" name="catalogEntry_ID" autocomplete="off" value="3057136" style=""></div><div class="oct-input__iconContainer"><div></div><input type="hidden" class="oct-input" id="dlProductId_3057136" name="dlProductId_3057136" autocomplete="off" value="10354530.P" style=""></div><div class="oct-input__iconContainer"><div></div><input type="hidden" class="oct-input" id="dlProductName_3057136" name="dlProductName_3057136" autocomplete="off" value="Beauty of Joseon Ground Rice and Honey Glow Mask 150ml" style=""></div><div class="oct-input__iconContainer"><div></div><input type="hidden" class="oct-input" id="dlParentCatentryID_10354530.P" name="dlParentCatentryID_10354530.P" autocomplete="off" value="3057136" style=""></div><div class="oct-input__iconContainer"><div></div><input type="hidden" class="oct-input" id="dlPackagePartNumber_3057136" name="dlPackagePartNumber_3057136" autocomplete="off" value="" style=""></div><div class="oct-add-to-basket__product_info-container"><div class="oct-add-to-basket__product_add noQuickBuy"><div class="oct-add-to-basket__quickBuySLPContainer quickBuySLPContainer"></div><div class="oct-add-to-basket__shopperActions shopperActions oct-add-to-basket__plp_shopperActions_redesign plp_shopperActions_redesign" id="shopperActionsRedesign3057136"><p class="oct-text oct-text--standard oct-text--size_m oct-aem-text oct-aem-text--p--variant-1 oct-add-to-basket__qty-errorMax qty_errorMax" data-testid="text" id="quantity_msg_3057136">Maximum quantity reached</p><div class="oct-add-to-basket__quantity-section quantity_section quantity_section_redesign" id="quantity_section_3057136"><button data-testid="button" class="oct-button oct-button--ellipses oct-button--cta oct-button--cta-default oct-button--cta-default-primaryTransparent oct-button--cta-default-responsive oct-aem-cta oct-add-to-basket__minus-quantity plus_quantity_disabled minus_quantity_redesign plus_quantity_disabled_redesign control-buttons oct-button--cta-midnight-blue-primary" to="" id="desreseQty_3057136" aria-label="Decrease Quantity Beauty of Joseon Ground Rice and Honey Glow Mask 150ml" aria-hidden="false" data-icon="–"><div class="oct-button__content"></div></button><div class="oct-input__iconContainer"><div></div><input type="text" class="oct-input oct-add-to-basket__quantity-input quantity_input quantity_input_redesign" aria-label="quantity" name="quantity_$3057136" id="quantity_3057136" readonly="" maxlength="2" tabindex="-1" value="1" style=""></div><button data-testid="button" class="oct-button oct-button--ellipses oct-button--cta oct-button--cta-default oct-button--cta-default-primaryTransparent oct-button--cta-default-responsive oct-aem-cta oct-add-to-basket__plus-quantity plus_quantity plus_quantity_redesign control-buttons oct-button--cta-midnight-blue-primary" to="" id="increseQty_3057136" aria-label="Increase Quantity Beauty of Joseon Ground Rice and Honey Glow Mask 150ml" aria-hidden="false" data-icon="+"><div class="oct-button__content"></div></button><div class="oct-add-to-basket__quantity-label quantity_label">in your basket</div></div><div class="oct-input__iconContainer"><div></div><input type="hidden" class="oct-input" name="freeGiftId_3057136" id="freeGiftId_3057136" value="" style=""></div><button data-testid="button" class="oct-button oct-button--ellipses oct-button--cta oct-button--cta-default oct-button--cta-default-primaryTransparent oct-button--cta-default-responsive oct-aem-cta oct-add-to-basket_button oct-button--cta-midnight-blue-primary" to="" id="add2CartBtn_3057136" eeindex="2" data-shop5="" aria-label="Add Beauty of Joseon Ground Rice and Honey Glow Mask 150ml to basket"><div class="oct-button__content"><span class="oct-add-to-basket_button_text button_text button_text_redesign">Add to basket</span></div></button><div class="oct-input__iconContainer"><div></div><input type="hidden" class="oct-input" id="lister_orderItemId_3057136" name="lister_orderItemId" value="" style=""></div><div class="oct-input__iconContainer"><div></div><input type="hidden" class="oct-input" id="lister_orderItemQty_3057136" name="lister_orderItemId" value="0" style=""></div><div class="oct-add-to-basket--overlay" data-testid="oct-add-to-basket"><div class="oct-add-to-basket__overlay-popup oct-overlay-popup" id="basket_confirmation_popup_overlay"></div><div id="basket_confirmation_overlay_3057136" class="oct-add-to-basket__overlay-popup__dialog" style="display: none;"><div class="oct-add-to-basket__overlay-focus" role="dialog" aria-labelledby="3057136-dialog-message"><p class="oct-text oct-text--standard oct-text--size_m oct-aem-text oct-aem-text--p--variant-1 oct-add-to-basket__text" data-testid="text" id="3057136-dialog-message">Are you sure you want to remove this product?</p><a class="oct-link oct-link--theme-text oct-color--boots-blue oct-add-to-basket__close-btn" tabindex="0" title="Close overlay" role="button" aria-label="Close overlay">x</a><div class="row"><button data-testid="button" class="oct-button oct-button--default oct-button--default-default oct-button--default-default-responsive oct-add-to-basket__button-secondary oct-add-to-basket__button button" role="button"><div class="oct-button__content">Yes</div></button><button data-testid="button" class="oct-button oct-button--default oct-button--default-default oct-button--default-default-responsive oct-add-to-basket__button-tertiary oct-add-to-basket__button button" role="button"><div class="oct-button__content">No</div></button></div></div></div></div></div></div></div><div id="entitledItem_3057136" style="display: none;">[ { "catentry_id" : 3057137, "Attributes" : { }, "ItemImage" :
          "/wcsstore/eBootsStorefrontAssetStore/images/NoImageIcon.jpg",
          "ItemImage467" :
          "/wcsstore/eBootsStorefrontAssetStore/images/NoImageIcon.jpg",
          "ItemThumbnailImage" :
          "/wcsstore/eBootsStorefrontAssetStore/images/NoImageIcon_sm.jpg" } ]</div></div></div></div></div></div><div data-testid="cell" class="oct-grid__cell oct-grid__cell--width-3 oct-grid__cell--small-6 oct-grid__cell--medium-small-4 oct-grid__cell--medium-4 oct-grid__cell--medium-large-4 oct-listers-hits__item hit oct-listers__item--with-inGrid" data-insights-position="3" data-insights-query-id="9e35482c34e960965eebfb9265ec00be" data-insights-object-id="3057127" data-productid="10354531.P"><div class="oct-teaser-wrapper oct-teaser-with-basket oct-teaser-with-basket--productTile oct-teaser-with-lister-basket oct-teaser--listers oct-teaser--listers-default"><div class="oct-teaser oct-teaser--theme-productTile oct-teaser--border" style="text-align: left;"><div class="oct-teaser__promotion-offer-roundel-wrapper"><div class="oct-teaser__promotion-offer-roundel-item oct-teaser__promotion-offer-roundel-item--offer" aria-label="Item on offer" role="img">Offer</div></div><div class="oct-add-to-favorites" tabindex="0" role="checkbox" aria-checked="false" aria-label="Add item to favourites"><span class="oct-add-to-favorites__icon"></span></div><div class="oct-teaser__contents oct-teaser__contents--only-foreground-image"><div class="oct-teaser__contents-panel oct-teaser__contents-panel"><div class="oct-teaser__contents-panel--main-content"><div><img src="data:image/svg+xml;base64,PHN2ZyB4bWxucz0iaHR0cDovL3d3dy53My5vcmcvMjAwMC9zdmciIHdpZHRoPSIzMjUiIGhlaWdodD0iMzI1Ij48cmVjdCB3aWR0aD0iMTAwJSIgaGVpZ2h0PSIxMDAlIiBzdHlsZT0iZmlsbDojZjJmMmYyIi8+PC9zdmc+" alt="test" class="oct-image oct-teaser__contents-panel__logo oct-teaser__contents-panel__logo--small oct-image--lazy" data-testid="lazy-image" decoding="async" loading="lazy"></div><a href="https://www.boots.com/beauty-of-joseon-glow-replenishing-rice-milk-toner-150ml-10354531" class="oct-link oct-link--theme-text oct-color--boots-blue oct-teaser__title-link" aria-label="" title="Beauty of Joseon Glow Replenishing Rice Milk 150ml"><h3 class="oct-text oct-text--standard oct-text--size_m oct-aem-text oct-aem-text--h3--variant-1 oct-teaser__subtitle" data-testid="text">none</h3><div><h3 class="oct-text oct-text--standard oct-text--size_m oct-aem-text oct-aem-text--h3--variant-2 oct-teaser__title oct-teaser-with-listers" data-testid="text">Beauty of Joseon Glow Replenishing Rice Milk 150ml</h3></div></a><div class="oct-reviews__reviews-container" aria-label=""><div class="oct-reviews"><div class="oct-reviews__icons" data-testid="reviews__icons"><span><svg xmlns="http://www.w3.org/2000/svg" width="10" height="20" viewBox="0 0 10 20" class="oct-icon" aria-hidden="true" aria-label="" style="height: 14px; width: auto; fill: rgb(255, 204, 0);"><g clip-path="url(#3b8wbmf19a)" transform="translate(-202 -2221)"><g clip-path="url(#n79ah32ilb)" transform="translate(202 2221)"><g clip-path="url(#h1bi9j7dcc)" transform="translate(1.25 2.5)"><path stroke="#767676" stroke-miterlimit="5" d="m8.75 12.188-5.143 2.51.982-5.318L.43 5.614l5.75-.776L8.75 0l2.572 4.838 5.75.776L12.91 9.38l.982 5.318-5.143-2.51z"></path></g></g></g></svg><svg xmlns="http://www.w3.org/2000/svg" width="10" height="20" viewBox="0 0 10 20" class="oct-icon" aria-hidden="true" aria-label="" style="height: 14px; width: auto; fill: rgb(255, 204, 0);"><g clip-path="url(#7gjj25igta)" transform="translate(-232 -2221)"><g clip-path="url(#dvqif6313b)" transform="translate(232 2221)"><g clip-path="url(#6r7ozri4zc)" transform="translate(-8.75 2.5)"><path stroke="#767676" stroke-miterlimit="5" d="m8.75 12.188-5.143 2.51.982-5.318L.43 5.614l5.75-.776L8.75 0l2.572 4.838 5.75.776L12.91 9.38l.982 5.318-5.143-2.51z"></path></g></g></g></svg></span><span><svg xmlns="http://www.w3.org/2000/svg" width="10" height="20" viewBox="0 0 10 20" class="oct-icon" aria-hidden="true" aria-label="" style="height: 14px; width: auto; fill: rgb(255, 204, 0);"><g clip-path="url(#3b8wbmf19a)" transform="translate(-202 -2221)"><g clip-path="url(#n79ah32ilb)" transform="translate(202 2221)"><g clip-path="url(#h1bi9j7dcc)" transform="translate(1.25 2.5)"><path stroke="#767676" stroke-miterlimit="5" d="m8.75 12.188-5.143 2.51.982-5.318L.43 5.614l5.75-.776L8.75 0l2.572 4.838 5.75.776L12.91 9.38l.982 5.318-5.143-2.51z"></path></g></g></g></svg><svg xmlns="http://www.w3.org/2000/svg" width="10" height="20" viewBox="0 0 10 20" class="oct-icon" aria-hidden="true" aria-label="" style="height: 14px; width: auto; fill: rgb(255, 204, 0);"><g clip-path="url(#7gjj25igta)" transform="translate(-232 -2221)"><g clip-path="url(#dvqif6313b)" transform="translate(232 2221)"><g clip-path="url(#6r7ozri4zc)" transform="translate(-8.75 2.5)"><path stroke="#767676" stroke-miterlimit="5" d="m8.75 12.188-5.143 2.51.982-5.318L.43 5.614l5.75-.776L8.75 0l2.572 4.838 5.75.776L12.91 9.38l.982 5.318-5.143-2.51z"></path></g></g></g></svg></span><span><svg xmlns="http://www.w3.org/2000/svg" width="10" height="20" viewBox="0 0 10 20" class="oct-icon" aria-hidden="true" aria-label="" style="height: 14px; width: auto; fill: rgb(255, 204, 0);"><g clip-path="url(#3b8wbmf19a)" transform="translate(-202 -2221)"><g clip-path="url(#n79ah32ilb)" transform="translate(202 2221)"><g clip-path="url(#h1bi9j7dcc)" transform="translate(1.25 2.5)"><path stroke="#767676" stroke-miterlimit="5" d="m8.75 12.188-5.143 2.51.982-5.318L.43 5.614l5.75-.776L8.75 0l2.572 4.838 5.75.776L12.91 9.38l.982 5.318-5.143-2.51z"></path></g></g></g></svg><svg xmlns="http://www.w3.org/2000/svg" width="10" height="20" viewBox="0 0 10 20" class="oct-icon" aria-hidden="true" aria-label="" style="height: 14px; width: auto; fill: rgb(255, 204, 0);"><g clip-path="url(#7gjj25igta)" transform="translate(-232 -2221)"><g clip-path="url(#dvqif6313b)" transform="translate(232 2221)"><g clip-path="url(#6r7ozri4zc)" transform="translate(-8.75 2.5)"><path stroke="#767676" stroke-miterlimit="5" d="m8.75 12.188-5.143 2.51.982-5.318L.43 5.614l5.75-.776L8.75 0l2.572 4.838 5.75.776L12.91 9.38l.982 5.318-5.143-2.51z"></path></g></g></g></svg></span><span><svg xmlns="http://www.w3.org/2000/svg" width="10" height="20" viewBox="0 0 10 20" class="oct-icon" aria-hidden="true" aria-label="" style="height: 14px; width: auto; fill: rgb(255, 204, 0);"><g clip-path="url(#3b8wbmf19a)" transform="translate(-202 -2221)"><g clip-path="url(#n79ah32ilb)" transform="translate(202 2221)"><g clip-path="url(#h1bi9j7dcc)" transform="translate(1.25 2.5)"><path stroke="#767676" stroke-miterlimit="5" d="m8.75 12.188-5.143 2.51.982-5.318L.43 5.614l5.75-.776L8.75 0l2.572 4.838 5.75.776L12.91 9.38l.982 5.318-5.143-2.51z"></path></g></g></g></svg><svg xmlns="http://www.w3.org/2000/svg" width="10" height="20" viewBox="0 0 10 20" class="oct-icon" aria-hidden="true" aria-label="" style="height: 14px; width: auto; fill: rgb(255, 204, 0);"><g clip-path="url(#7gjj25igta)" transform="translate(-232 -2221)"><g clip-path="url(#dvqif6313b)" transform="translate(232 2221)"><g clip-path="url(#6r7ozri4zc)" transform="translate(-8.75 2.5)"><path stroke="#767676" stroke-miterlimit="5" d="m8.75 12.188-5.143 2.51.982-5.318L.43 5.614l5.75-.776L8.75 0l2.572 4.838 5.75.776L12.91 9.38l.982 5.318-5.143-2.51z"></path></g></g></g></svg></span><span><svg xmlns="http://www.w3.org/2000/svg" width="10" height="20" viewBox="0 0 10 20" class="oct-icon" aria-hidden="true" aria-label="" style="height: 14px; width: auto; fill: rgb(255, 204, 0);"><g clip-path="url(#3b8wbmf19a)" transform="translate(-202 -2221)"><g clip-path="url(#n79ah32ilb)" transform="translate(202 2221)"><g clip-path="url(#h1bi9j7dcc)" transform="translate(1.25 2.5)"><path stroke="#767676" stroke-miterlimit="5" d="m8.75 12.188-5.143 2.51.982-5.318L.43 5.614l5.75-.776L8.75 0l2.572 4.838 5.75.776L12.91 9.38l.982 5.318-5.143-2.51z"></path></g></g></g></svg><svg xmlns="http://www.w3.org/2000/svg" width="10" height="20" viewBox="0 0 10 20" class="oct-icon" aria-hidden="true" aria-label="" style="height: 14px; width: auto; fill: rgb(255, 204, 0);"><g clip-path="url(#7gjj25igta)" transform="translate(-232 -2221)"><g clip-path="url(#dvqif6313b)" transform="translate(232 2221)"><g clip-path="url(#6r7ozri4zc)" transform="translate(-8.75 2.5)"><path stroke="#767676" stroke-miterlimit="5" d="m8.75 12.188-5.143 2.51.982-5.318L.43 5.614l5.75-.776L8.75 0l2.572 4.838 5.75.776L12.91 9.38l.982 5.318-5.143-2.51z"></path></g></g></g></svg></span></div><div class="oct-reviews__optionalText"><a href="https://www.boots.com/beauty-of-joseon-glow-replenishing-rice-milk-toner-150ml-10354531#BVRRContainer" class="oct-link oct-link--theme-text oct-color--boots-blue oct-reviews__count" aria-label="5 stars out of 5. 3 reviews"><span class="oct-reviews__optionalTextCount">(3)</span></a></div></div></div><div class="oct-teaser__offer__container" aria-label=""><div class="oct-teaser__wrap"><button data-testid="button" class="oct-button oct-button--ellipses oct-button--cta oct-button--cta-default oct-button--cta-default-responsive oct-teaser__offer oct-teaser__offer--isAvailable oct-button--cta-custom" aria-label="Save 10 percent on selected Beauty Skincare"><div class="oct-button__content">Save 10 percent on selected Beauty Skincare</div></button></div></div><div class="oct-teaser__price-wrapper oct-teaser__price-wrapper--saving oct-teaser__price-wrapper--current"><div class="oct-teaser__price-col1-wrapper"><p class="oct-text oct-text--standard oct-text--size_m oct-aem-text oct-aem-text--p--variant-subtext oct-teaser__productPrice" data-testid="text">£13.95</p><div class="oct-teaser__product-price-wrapper"><p class="oct-text oct-text--standard oct-text--size_m oct-aem-text oct-aem-text--p--variant-subtext oct-teaser__productPriceSave" data-testid="text">Save £1.55</p></div><p class="oct-text oct-text--standard oct-text--size_m oct-aem-text oct-aem-text--p--variant-subtext oct-teaser__productPriceWas" data-testid="text">Was £15.50</p></div></div><div class="oct-teaser__price-detail-wrapper"><p class="oct-text oct-text--standard oct-text--size_m oct-aem-text oct-aem-text--p--variant-subtext oct-teaser__productPriceDetail" data-testid="text">150ML | £9.30 per 100ML</p></div></div><div class="oct-teaser__calls-to-action oct-teaser__calls-to-action--two oct-teaser__calls-to-action--left"></div></div></div><div class="oct-teaser__foreground"><a href="https://www.boots.com/beauty-of-joseon-glow-replenishing-rice-milk-toner-150ml-10354531" class="oct-link oct-link--theme-text oct-color--boots-blue oct-teaser-wrapper-link" tabindex="-1" aria-hidden="true" data-promo-creative="25% teaser" data-promo-position=""><div class="oct-image-link-wrapper"><img src="https://boots.scene7.com/is/image/Boots/10354531?op_sharpen=1" alt="Foreground image" class="oct-image oct-image--lazy" data-testid="lazy-image" decoding="async" loading="lazy"></div></a></div><div class="oct-teaser__calls-to-action oct-add-to-basket-callToAction oct-add-to-basket-callToAction--with-lister-basket"><div class="oct-add-to-basket"><div class="oct-input__iconContainer"><div></div><input type="hidden" class="oct-input" id="cmProductName_3057126" autocomplete="off" value="Beauty of Joseon Glow Replenishing Rice Milk 150ml (10354531.P)" style=""></div><div class="oct-input__iconContainer"><div></div><input type="hidden" class="oct-input" id="catalogEntry_ID" name="catalogEntry_ID" autocomplete="off" value="3057126" style=""></div><div class="oct-input__iconContainer"><div></div><input type="hidden" class="oct-input" id="dlProductId_3057126" name="dlProductId_3057126" autocomplete="off" value="10354531.P" style=""></div><div class="oct-input__iconContainer"><div></div><input type="hidden" class="oct-input" id="dlProductName_3057126" name="dlProductName_3057126" autocomplete="off" value="Beauty of Joseon Glow Replenishing Rice Milk 150ml" style=""></div><div class="oct-input__iconContainer"><div></div><input type="hidden" class="oct-input" id="dlParentCatentryID_10354531.P" name="dlParentCatentryID_10354531.P" autocomplete="off" value="3057126" style=""></div><div class="oct-input__iconContainer"><div></div><input type="hidden" class="oct-input" id="dlPackagePartNumber_3057126" name="dlPackagePartNumber_3057126" autocomplete="off" value="" style=""></div><div class="oct-add-to-basket__product_info-container"><div class="oct-add-to-basket__product_add noQuickBuy"><div class="oct-add-to-basket__quickBuySLPContainer quickBuySLPContainer"></div><div class="oct-add-to-basket__shopperActions shopperActions oct-add-to-basket__plp_shopperActions_redesign plp_shopperActions_redesign" id="shopperActionsRedesign3057126"><p class="oct-text oct-text--standard oct-text--size_m oct-aem-text oct-aem-text--p--variant-1 oct-add-to-basket__qty-errorMax qty_errorMax" data-testid="text" id="quantity_msg_3057126">Maximum quantity reached</p><div class="oct-add-to-basket__quantity-section quantity_section quantity_section_redesign" id="quantity_section_3057126"><button data-testid="button" class="oct-button oct-button--ellipses oct-button--cta oct-button--cta-default oct-button--cta-default-primaryTransparent oct-button--cta-default-responsive oct-aem-cta oct-add-to-basket__minus-quantity plus_quantity_disabled minus_quantity_redesign plus_quantity_disabled_redesign control-buttons oct-button--cta-midnight-blue-primary" to="" id="desreseQty_3057126" aria-label="Decrease Quantity Beauty of Joseon Glow Replenishing Rice Milk 150ml" aria-hidden="false" data-icon="–"><div class="oct-button__content"></div></button><div class="oct-input__iconContainer"><div></div><input type="text" class="oct-input oct-add-to-basket__quantity-input quantity_input quantity_input_redesign" aria-label="quantity" name="quantity_$3057126" id="quantity_3057126" readonly="" maxlength="2" tabindex="-1" value="1" style=""></div><button data-testid="button" class="oct-button oct-button--ellipses oct-button--cta oct-button--cta-default oct-button--cta-default-primaryTransparent oct-button--cta-default-responsive oct-aem-cta oct-add-to-basket__plus-quantity plus_quantity plus_quantity_redesign control-buttons oct-button--cta-midnight-blue-primary" to="" id="increseQty_3057126" aria-label="Increase Quantity Beauty of Joseon Glow Replenishing Rice Milk 150ml" aria-hidden="false" data-icon="+"><div class="oct-button__content"></div></button><div class="oct-add-to-basket__quantity-label quantity_label">in your basket</div></div><div class="oct-input__iconContainer"><div></div><input type="hidden" class="oct-input" name="freeGiftId_3057126" id="freeGiftId_3057126" value="" style=""></div><button data-testid="button" class="oct-button oct-button--ellipses oct-button--cta oct-button--cta-default oct-button--cta-default-primaryTransparent oct-button--cta-default-responsive oct-aem-cta oct-add-to-basket_button oct-button--cta-midnight-blue-primary" to="" id="add2CartBtn_3057126" eeindex="2" data-shop5="" aria-label="Add Beauty of Joseon Glow Replenishing Rice Milk 150ml to basket"><div class="oct-button__content"><span class="oct-add-to-basket_button_text button_text button_text_redesign">Add to basket</span></div></button><div class="oct-input__iconContainer"><div></div><input type="hidden" class="oct-input" id="lister_orderItemId_3057126" name="lister_orderItemId" value="" style=""></div><div class="oct-input__iconContainer"><div></div><input type="hidden" class="oct-input" id="lister_orderItemQty_3057126" name="lister_orderItemId" value="0" style=""></div><div class="oct-add-to-basket--overlay" data-testid="oct-add-to-basket"><div class="oct-add-to-basket__overlay-popup oct-overlay-popup" id="basket_confirmation_popup_overlay"></div><div id="basket_confirmation_overlay_3057126" class="oct-add-to-basket__overlay-popup__dialog" style="display: none;"><div class="oct-add-to-basket__overlay-focus" role="dialog" aria-labelledby="3057126-dialog-message"><p class="oct-text oct-text--standard oct-text--size_m oct-aem-text oct-aem-text--p--variant-1 oct-add-to-basket__text" data-testid="text" id="3057126-dialog-message">Are you sure you want to remove this product?</p><a class="oct-link oct-link--theme-text oct-color--boots-blue oct-add-to-basket__close-btn" tabindex="0" title="Close overlay" role="button" aria-label="Close overlay">x</a><div class="row"><button data-testid="button" class="oct-button oct-button--default oct-button--default-default oct-button--default-default-responsive oct-add-to-basket__button-secondary oct-add-to-basket__button button" role="button"><div class="oct-button__content">Yes</div></button><button data-testid="button" class="oct-button oct-button--default oct-button--default-default oct-button--default-default-responsive oct-add-to-basket__button-tertiary oct-add-to-basket__button button" role="button"><div class="oct-button__content">No</div></button></div></div></div></div></div></div></div><div id="entitledItem_3057126" style="display: none;">[ { "catentry_id" : 3057127, "Attributes" : { }, "ItemImage" :
          "/wcsstore/eBootsStorefrontAssetStore/images/NoImageIcon.jpg",
          "ItemImage467" :
          "/wcsstore/eBootsStorefrontAssetStore/images/NoImageIcon.jpg",
          "ItemThumbnailImage" :
          "/wcsstore/eBootsStorefrontAssetStore/images/NoImageIcon_sm.jpg" } ]</div></div></div></div></div></div><div data-testid="cell" class="oct-grid__cell oct-grid__cell--width-3 oct-grid__cell--small-6 oct-grid__cell--medium-small-4 oct-grid__cell--medium-4 oct-grid__cell--medium-large-4 oct-listers-hits__item hit oct-listers__item--with-inGrid" data-insights-position="4" data-insights-query-id="9e35482c34e960965eebfb9265ec00be" data-insights-object-id="3033181" data-productid="10352393.P"><div class="oct-teaser-wrapper oct-teaser-with-basket oct-teaser-with-basket--productTile oct-teaser-with-lister-basket oct-teaser--listers oct-teaser--listers-default"><div class="oct-teaser oct-teaser--theme-productTile oct-teaser--border" style="text-align: left;"><div class="oct-teaser__promotion-offer-roundel-wrapper"></div><div class="oct-add-to-favorites" tabindex="0" role="checkbox" aria-checked="false" aria-label="Add item to favourites"><span class="oct-add-to-favorites__icon"></span></div><div class="oct-teaser__contents oct-teaser__contents--only-foreground-image"><div class="oct-teaser__contents-panel oct-teaser__contents-panel"><div class="oct-teaser__contents-panel--main-content"><div><img src="data:image/svg+xml;base64,PHN2ZyB4bWxucz0iaHR0cDovL3d3dy53My5vcmcvMjAwMC9zdmciIHdpZHRoPSIzMjUiIGhlaWdodD0iMzI1Ij48cmVjdCB3aWR0aD0iMTAwJSIgaGVpZ2h0PSIxMDAlIiBzdHlsZT0iZmlsbDojZjJmMmYyIi8+PC9zdmc+" alt="test" class="oct-image oct-teaser__contents-panel__logo oct-teaser__contents-panel__logo--small oct-image--lazy" data-testid="lazy-image" decoding="async" loading="lazy"></div><a href="https://www.boots.com/beauty-of-joseon-glow-deep-serum--riceandalpha-arbutin-30ml-10352393" class="oct-link oct-link--theme-text oct-color--boots-blue oct-teaser__title-link" aria-label="" title="Beauty of Joseon Glow Deep Serum : Rice+Alpha-Arbutin 30ml"><h3 class="oct-text oct-text--standard oct-text--size_m oct-aem-text oct-aem-text--h3--variant-1 oct-teaser__subtitle" data-testid="text">none</h3><div><h3 class="oct-text oct-text--standard oct-text--size_m oct-aem-text oct-aem-text--h3--variant-2 oct-teaser__title oct-teaser-with-listers" data-testid="text">Beauty of Joseon Glow Deep Serum : Rice+Alpha-Arbutin 30ml</h3></div></a><div class="oct-reviews__reviews-container" aria-label=""><div class="oct-reviews"><div class="oct-reviews__icons" data-testid="reviews__icons"><span><svg xmlns="http://www.w3.org/2000/svg" width="10" height="20" viewBox="0 0 10 20" class="oct-icon" aria-hidden="true" aria-label="" style="height: 14px; width: auto; fill: rgb(255, 204, 0);"><g clip-path="url(#3b8wbmf19a)" transform="translate(-202 -2221)"><g clip-path="url(#n79ah32ilb)" transform="translate(202 2221)"><g clip-path="url(#h1bi9j7dcc)" transform="translate(1.25 2.5)"><path stroke="#767676" stroke-miterlimit="5" d="m8.75 12.188-5.143 2.51.982-5.318L.43 5.614l5.75-.776L8.75 0l2.572 4.838 5.75.776L12.91 9.38l.982 5.318-5.143-2.51z"></path></g></g></g></svg><svg xmlns="http://www.w3.org/2000/svg" width="10" height="20" viewBox="0 0 10 20" class="oct-icon" aria-hidden="true" aria-label="" style="height: 14px; width: auto; fill: rgb(255, 204, 0);"><g clip-path="url(#7gjj25igta)" transform="translate(-232 -2221)"><g clip-path="url(#dvqif6313b)" transform="translate(232 2221)"><g clip-path="url(#6r7ozri4zc)" transform="translate(-8.75 2.5)"><path stroke="#767676" stroke-miterlimit="5" d="m8.75 12.188-5.143 2.51.982-5.318L.43 5.614l5.75-.776L8.75 0l2.572 4.838 5.75.776L12.91 9.38l.982 5.318-5.143-2.51z"></path></g></g></g></svg></span><span><svg xmlns="http://www.w3.org/2000/svg" width="10" height="20" viewBox="0 0 10 20" class="oct-icon" aria-hidden="true" aria-label="" style="height: 14px; width: auto; fill: rgb(255, 204, 0);"><g clip-path="url(#3b8wbmf19a)" transform="translate(-202 -2221)"><g clip-path="url(#n79ah32ilb)" transform="translate(202 2221)"><g clip-path="url(#h1bi9j7dcc)" transform="translate(1.25 2.5)"><path stroke="#767676" stroke-miterlimit="5" d="m8.75 12.188-5.143 2.51.982-5.318L.43 5.614l5.75-.776L8.75 0l2.572 4.838 5.75.776L12.91 9.38l.982 5.318-5.143-2.51z"></path></g></g></g></svg><svg xmlns="http://www.w3.org/2000/svg" width="10" height="20" viewBox="0 0 10 20" class="oct-icon" aria-hidden="true" aria-label="" style="height: 14px; width: auto; fill: rgb(255, 204, 0);"><g clip-path="url(#7gjj25igta)" transform="translate(-232 -2221)"><g clip-path="url(#dvqif6313b)" transform="translate(232 2221)"><g clip-path="url(#6r7ozri4zc)" transform="translate(-8.75 2.5)"><path stroke="#767676" stroke-miterlimit="5" d="m8.75 12.188-5.143 2.51.982-5.318L.43 5.614l5.75-.776L8.75 0l2.572 4.838 5.75.776L12.91 9.38l.982 5.318-5.143-2.51z"></path></g></g></g></svg></span><span><svg xmlns="http://www.w3.org/2000/svg" width="10" height="20" viewBox="0 0 10 20" class="oct-icon" aria-hidden="true" aria-label="" style="height: 14px; width: auto; fill: rgb(255, 204, 0);"><g clip-path="url(#3b8wbmf19a)" transform="translate(-202 -2221)"><g clip-path="url(#n79ah32ilb)" transform="translate(202 2221)"><g clip-path="url(#h1bi9j7dcc)" transform="translate(1.25 2.5)"><path stroke="#767676" stroke-miterlimit="5" d="m8.75 12.188-5.143 2.51.982-5.318L.43 5.614l5.75-.776L8.75 0l2.572 4.838 5.75.776L12.91 9.38l.982 5.318-5.143-2.51z"></path></g></g></g></svg><svg xmlns="http://www.w3.org/2000/svg" width="10" height="20" viewBox="0 0 10 20" class="oct-icon" aria-hidden="true" aria-label="" style="height: 14px; width: auto; fill: rgb(255, 204, 0);"><g clip-path="url(#7gjj25igta)" transform="translate(-232 -2221)"><g clip-path="url(#dvqif6313b)" transform="translate(232 2221)"><g clip-path="url(#6r7ozri4zc)" transform="translate(-8.75 2.5)"><path stroke="#767676" stroke-miterlimit="5" d="m8.75 12.188-5.143 2.51.982-5.318L.43 5.614l5.75-.776L8.75 0l2.572 4.838 5.75.776L12.91 9.38l.982 5.318-5.143-2.51z"></path></g></g></g></svg></span><span><svg xmlns="http://www.w3.org/2000/svg" width="10" height="20" viewBox="0 0 10 20" class="oct-icon" aria-hidden="true" aria-label="" style="height: 14px; width: auto; fill: rgb(255, 204, 0);"><g clip-path="url(#3b8wbmf19a)" transform="translate(-202 -2221)"><g clip-path="url(#n79ah32ilb)" transform="translate(202 2221)"><g clip-path="url(#h1bi9j7dcc)" transform="translate(1.25 2.5)"><path stroke="#767676" stroke-miterlimit="5" d="m8.75 12.188-5.143 2.51.982-5.318L.43 5.614l5.75-.776L8.75 0l2.572 4.838 5.75.776L12.91 9.38l.982 5.318-5.143-2.51z"></path></g></g></g></svg><svg xmlns="http://www.w3.org/2000/svg" width="10" height="20" viewBox="0 0 10 20" class="oct-icon" aria-hidden="true" aria-label="" style="height: 14px; width: auto; fill: rgb(255, 204, 0);"><g clip-path="url(#7gjj25igta)" transform="translate(-232 -2221)"><g clip-path="url(#dvqif6313b)" transform="translate(232 2221)"><g clip-path="url(#6r7ozri4zc)" transform="translate(-8.75 2.5)"><path stroke="#767676" stroke-miterlimit="5" d="m8.75 12.188-5.143 2.51.982-5.318L.43 5.614l5.75-.776L8.75 0l2.572 4.838 5.75.776L12.91 9.38l.982 5.318-5.143-2.51z"></path></g></g></g></svg></span><span><svg xmlns="http://www.w3.org/2000/svg" width="10" height="20" viewBox="0 0 10 20" class="oct-icon" aria-hidden="true" aria-label="" style="height: 14px; width: auto; fill: rgb(255, 204, 0);"><g clip-path="url(#3b8wbmf19a)" transform="translate(-202 -2221)"><g clip-path="url(#n79ah32ilb)" transform="translate(202 2221)"><g clip-path="url(#h1bi9j7dcc)" transform="translate(1.25 2.5)"><path stroke="#767676" stroke-miterlimit="5" d="m8.75 12.188-5.143 2.51.982-5.318L.43 5.614l5.75-.776L8.75 0l2.572 4.838 5.75.776L12.91 9.38l.982 5.318-5.143-2.51z"></path></g></g></g></svg><svg xmlns="http://www.w3.org/2000/svg" width="10" height="20" viewBox="0 0 10 20" class="oct-icon" aria-hidden="true" aria-label="" style="height: 14px; width: auto; fill: rgb(255, 204, 0);"><g clip-path="url(#7gjj25igta)" transform="translate(-232 -2221)"><g clip-path="url(#dvqif6313b)" transform="translate(232 2221)"><g clip-path="url(#6r7ozri4zc)" transform="translate(-8.75 2.5)"><path stroke="#767676" stroke-miterlimit="5" d="m8.75 12.188-5.143 2.51.982-5.318L.43 5.614l5.75-.776L8.75 0l2.572 4.838 5.75.776L12.91 9.38l.982 5.318-5.143-2.51z"></path></g></g></g></svg></span></div><div class="oct-reviews__optionalText"><a href="https://www.boots.com/beauty-of-joseon-glow-deep-serum--riceandalpha-arbutin-30ml-10352393#BVRRContainer" class="oct-link oct-link--theme-text oct-color--boots-blue oct-reviews__count" aria-label="5 stars out of 5. 10 reviews"><span class="oct-reviews__optionalTextCount">(10)</span></a></div></div></div><div class="oct-teaser__offer__container" aria-label=""><div class="oct-teaser__wrap"></div></div><div class="oct-teaser__price-wrapper oct-teaser__price-wrapper--current"><div class="oct-teaser__price-col1-wrapper"><p class="oct-text oct-text--standard oct-text--size_m oct-aem-text oct-aem-text--p--variant-subtext oct-teaser__productPrice" data-testid="text">£15.00</p><div class="oct-teaser__product-price-wrapper"></div></div></div><div class="oct-teaser__price-detail-wrapper"><p class="oct-text oct-text--standard oct-text--size_m oct-aem-text oct-aem-text--p--variant-subtext oct-teaser__productPriceDetail" data-testid="text">30ML | £50.00 per 100ML</p></div></div><div class="oct-teaser__calls-to-action oct-teaser__calls-to-action--two oct-teaser__calls-to-action--left"></div></div></div><div class="oct-teaser__foreground"><a href="https://www.boots.com/beauty-of-joseon-glow-deep-serum--riceandalpha-arbutin-30ml-10352393" class="oct-link oct-link--theme-text oct-color--boots-blue oct-teaser-wrapper-link" tabindex="-1" aria-hidden="true" data-promo-creative="25% teaser" data-promo-position=""><div class="oct-image-link-wrapper"><img src="https://boots.scene7.com/is/image/Boots/10352393?op_sharpen=1" alt="Foreground image" class="oct-image oct-image--lazy" data-testid="lazy-image" decoding="async" loading="lazy"></div></a></div><div class="oct-teaser__calls-to-action oct-add-to-basket-callToAction oct-add-to-basket-callToAction--with-lister-basket"><div class="oct-add-to-basket"><div class="oct-input__iconContainer"><div></div><input type="hidden" class="oct-input" id="cmProductName_3033180" autocomplete="off" value="Beauty of Joseon Glow Deep Serum : Rice+Alpha-Arbutin 30ml (10352393.P)" style=""></div><div class="oct-input__iconContainer"><div></div><input type="hidden" class="oct-input" id="catalogEntry_ID" name="catalogEntry_ID" autocomplete="off" value="3033180" style=""></div><div class="oct-input__iconContainer"><div></div><input type="hidden" class="oct-input" id="dlProductId_3033180" name="dlProductId_3033180" autocomplete="off" value="10352393.P" style=""></div><div class="oct-input__iconContainer"><div></div><input type="hidden" class="oct-input" id="dlProductName_3033180" name="dlProductName_3033180" autocomplete="off" value="Beauty of Joseon Glow Deep Serum : Rice+Alpha-Arbutin 30ml" style=""></div><div class="oct-input__iconContainer"><div></div><input type="hidden" class="oct-input" id="dlParentCatentryID_10352393.P" name="dlParentCatentryID_10352393.P" autocomplete="off" value="3033180" style=""></div><div class="oct-input__iconContainer"><div></div><input type="hidden" class="oct-input" id="dlPackagePartNumber_3033180" name="dlPackagePartNumber_3033180" autocomplete="off" value="" style=""></div><div class="oct-add-to-basket__product_info-container"><div class="oct-add-to-basket__product_add noQuickBuy"><div class="oct-add-to-basket__quickBuySLPContainer quickBuySLPContainer"></div><div class="oct-add-to-basket__shopperActions shopperActions oct-add-to-basket__plp_shopperActions_redesign plp_shopperActions_redesign" id="shopperActionsRedesign3033180"><p class="oct-text oct-text--standard oct-text--size_m oct-aem-text oct-aem-text--p--variant-1 oct-add-to-basket__qty-errorMax qty_errorMax" data-testid="text" id="quantity_msg_3033180">Maximum quantity reached</p><div class="oct-add-to-basket__quantity-section quantity_section quantity_section_redesign" id="quantity_section_3033180"><button data-testid="button" class="oct-button oct-button--ellipses oct-button--cta oct-button--cta-default oct-button--cta-default-primaryTransparent oct-button--cta-default-responsive oct-aem-cta oct-add-to-basket__minus-quantity plus_quantity_disabled minus_quantity_redesign plus_quantity_disabled_redesign control-buttons oct-button--cta-midnight-blue-primary" to="" id="desreseQty_3033180" aria-label="Decrease Quantity Beauty of Joseon Glow Deep Serum : Rice+Alpha-Arbutin 30ml" aria-hidden="false" data-icon="–"><div class="oct-button__content"></div></button><div class="oct-input__iconContainer"><div></div><input type="text" class="oct-input oct-add-to-basket__quantity-input quantity_input quantity_input_redesign" aria-label="quantity" name="quantity_$3033180" id="quantity_3033180" readonly="" maxlength="2" tabindex="-1" value="1" style=""></div><button data-testid="button" class="oct-button oct-button--ellipses oct-button--cta oct-button--cta-default oct-button--cta-default-primaryTransparent oct-button--cta-default-responsive oct-aem-cta oct-add-to-basket__plus-quantity plus_quantity plus_quantity_redesign control-buttons oct-button--cta-midnight-blue-primary" to="" id="increseQty_3033180" aria-label="Increase Quantity Beauty of Joseon Glow Deep Serum : Rice+Alpha-Arbutin 30ml" aria-hidden="false" data-icon="+"><div class="oct-button__content"></div></button><div class="oct-add-to-basket__quantity-label quantity_label">in your basket</div></div><div class="oct-input__iconContainer"><div></div><input type="hidden" class="oct-input" name="freeGiftId_3033180" id="freeGiftId_3033180" value="" style=""></div><button data-testid="button" class="oct-button oct-button--ellipses oct-button--cta oct-button--cta-default oct-button--cta-default-primaryTransparent oct-button--cta-default-responsive oct-aem-cta oct-add-to-basket_button oct-button--cta-midnight-blue-primary" to="" id="add2CartBtn_3033180" eeindex="2" data-shop5="" aria-label="Add Beauty of Joseon Glow Deep Serum : Rice+Alpha-Arbutin 30ml to basket"><div class="oct-button__content"><span class="oct-add-to-basket_button_text button_text button_text_redesign">Add to basket</span></div></button><div class="oct-input__iconContainer"><div></div><input type="hidden" class="oct-input" id="lister_orderItemId_3033180" name="lister_orderItemId" value="" style=""></div><div class="oct-input__iconContainer"><div></div><input type="hidden" class="oct-input" id="lister_orderItemQty_3033180" name="lister_orderItemId" value="0" style=""></div><div class="oct-add-to-basket--overlay" data-testid="oct-add-to-basket"><div class="oct-add-to-basket__overlay-popup oct-overlay-popup" id="basket_confirmation_popup_overlay"></div><div id="basket_confirmation_overlay_3033180" class="oct-add-to-basket__overlay-popup__dialog" style="display: none;"><div class="oct-add-to-basket__overlay-focus" role="dialog" aria-labelledby="3033180-dialog-message"><p class="oct-text oct-text--standard oct-text--size_m oct-aem-text oct-aem-text--p--variant-1 oct-add-to-basket__text" data-testid="text" id="3033180-dialog-message">Are you sure you want to remove this product?</p><a class="oct-link oct-link--theme-text oct-color--boots-blue oct-add-to-basket__close-btn" tabindex="0" title="Close overlay" role="button" aria-label="Close overlay">x</a><div class="row"><button data-testid="button" class="oct-button oct-button--default oct-button--default-default oct-button--default-default-responsive oct-add-to-basket__button-secondary oct-add-to-basket__button button" role="button"><div class="oct-button__content">Yes</div></button><button data-testid="button" class="oct-button oct-button--default oct-button--default-default oct-button--default-default-responsive oct-add-to-basket__button-tertiary oct-add-to-basket__button button" role="button"><div class="oct-button__content">No</div></button></div></div></div></div></div></div></div><div id="entitledItem_3033180" style="display: none;">[ { "catentry_id" : 3033181, "Attributes" : { }, "ItemImage" :
          "/wcsstore/eBootsStorefrontAssetStore/images/NoImageIcon.jpg",
          "ItemImage467" :
          "/wcsstore/eBootsStorefrontAssetStore/images/NoImageIcon.jpg",
          "ItemThumbnailImage" :
          "/wcsstore/eBootsStorefrontAssetStore/images/NoImageIcon_sm.jpg" } ]</div></div></div></div></div></div><div data-testid="cell" class="oct-grid__cell oct-grid__cell--width-3 oct-grid__cell--small-6 oct-grid__cell--medium-small-4 oct-grid__cell--medium-4 oct-grid__cell--medium-large-4 oct-listers-hits__item hit oct-listers__item--with-inGrid" data-insights-position="5" data-insights-query-id="9e35482c34e960965eebfb9265ec00be" data-insights-object-id="3055149" data-productid="10354023.P"><div class="oct-teaser-wrapper oct-teaser-with-basket oct-teaser-with-basket--productTile oct-teaser-with-lister-basket oct-teaser--listers oct-teaser--listers-default"><div class="oct-teaser oct-teaser--theme-productTile oct-teaser--border" style="text-align: left;"><div class="oct-teaser__promotion-offer-roundel-wrapper"><div class="oct-teaser__promotion-offer-roundel-item oct-teaser__promotion-offer-roundel-item--offer" aria-label="Item on offer" role="img">Offer</div></div><div class="oct-add-to-favorites" tabindex="0" role="checkbox" aria-checked="false" aria-label="Add item to favourites"><span class="oct-add-to-favorites__icon"></span></div><div class="oct-teaser__contents oct-teaser__contents--only-foreground-image"><div class="oct-teaser__contents-panel oct-teaser__contents-panel"><div class="oct-teaser__contents-panel--main-content"><div><img src="data:image/svg+xml;base64,PHN2ZyB4bWxucz0iaHR0cDovL3d3dy53My5vcmcvMjAwMC9zdmciIHdpZHRoPSIzMjUiIGhlaWdodD0iMzI1Ij48cmVjdCB3aWR0aD0iMTAwJSIgaGVpZ2h0PSIxMDAlIiBzdHlsZT0iZmlsbDojZjJmMmYyIi8+PC9zdmc+" alt="test" class="oct-image oct-teaser__contents-panel__logo oct-teaser__contents-panel__logo--small oct-image--lazy" data-testid="lazy-image" decoding="async" loading="lazy"></div><a href="https://www.boots.com/soap-and-glory-a-moment-to-bloom-3-piece-full-size-gift-set-10354023" class="oct-link oct-link--theme-text oct-color--boots-blue oct-teaser__title-link" aria-label="" title="Soap &amp; Glory A Moment to Bloom 3 Piece Full Size Gift Set"><h3 class="oct-text oct-text--standard oct-text--size_m oct-aem-text oct-aem-text--h3--variant-1 oct-teaser__subtitle" data-testid="text">none</h3><div><h3 class="oct-text oct-text--standard oct-text--size_m oct-aem-text oct-aem-text--h3--variant-2 oct-teaser__title oct-teaser-with-listers" data-testid="text">Soap &amp; Glory A Moment to Bloom 3 Piece Full Size Gift Set</h3></div></a><div class="oct-reviews__reviews-container" aria-label=""><div class="oct-reviews"><div class="oct-reviews__icons" data-testid="reviews__icons"><span><svg xmlns="http://www.w3.org/2000/svg" width="10" height="20" viewBox="0 0 10 20" class="oct-icon" aria-hidden="true" aria-label="" style="height: 14px; width: auto; fill: rgb(255, 204, 0);"><g clip-path="url(#3b8wbmf19a)" transform="translate(-202 -2221)"><g clip-path="url(#n79ah32ilb)" transform="translate(202 2221)"><g clip-path="url(#h1bi9j7dcc)" transform="translate(1.25 2.5)"><path stroke="#767676" stroke-miterlimit="5" d="m8.75 12.188-5.143 2.51.982-5.318L.43 5.614l5.75-.776L8.75 0l2.572 4.838 5.75.776L12.91 9.38l.982 5.318-5.143-2.51z"></path></g></g></g></svg><svg xmlns="http://www.w3.org/2000/svg" width="10" height="20" viewBox="0 0 10 20" class="oct-icon" aria-hidden="true" aria-label="" style="height: 14px; width: auto; fill: rgb(255, 204, 0);"><g clip-path="url(#7gjj25igta)" transform="translate(-232 -2221)"><g clip-path="url(#dvqif6313b)" transform="translate(232 2221)"><g clip-path="url(#6r7ozri4zc)" transform="translate(-8.75 2.5)"><path stroke="#767676" stroke-miterlimit="5" d="m8.75 12.188-5.143 2.51.982-5.318L.43 5.614l5.75-.776L8.75 0l2.572 4.838 5.75.776L12.91 9.38l.982 5.318-5.143-2.51z"></path></g></g></g></svg></span><span><svg xmlns="http://www.w3.org/2000/svg" width="10" height="20" viewBox="0 0 10 20" class="oct-icon" aria-hidden="true" aria-label="" style="height: 14px; width: auto; fill: rgb(255, 204, 0);"><g clip-path="url(#3b8wbmf19a)" transform="translate(-202 -2221)"><g clip-path="url(#n79ah32ilb)" transform="translate(202 2221)"><g clip-path="url(#h1bi9j7dcc)" transform="translate(1.25 2.5)"><path stroke="#767676" stroke-miterlimit="5" d="m8.75 12.188-5.143 2.51.982-5.318L.43 5.614l5.75-.776L8.75 0l2.572 4.838 5.75.776L12.91 9.38l.982 5.318-5.143-2.51z"></path></g></g></g></svg><svg xmlns="http://www.w3.org/2000/svg" width="10" height="20" viewBox="0 0 10 20" class="oct-icon" aria-hidden="true" aria-label="" style="height: 14px; width: auto; fill: rgb(255, 204, 0);"><g clip-path="url(#7gjj25igta)" transform="translate(-232 -2221)"><g clip-path="url(#dvqif6313b)" transform="translate(232 2221)"><g clip-path="url(#6r7ozri4zc)" transform="translate(-8.75 2.5)"><path stroke="#767676" stroke-miterlimit="5" d="m8.75 12.188-5.143 2.51.982-5.318L.43 5.614l5.75-.776L8.75 0l2.572 4.838 5.75.776L12.91 9.38l.982 5.318-5.143-2.51z"></path></g></g></g></svg></span><span><svg xmlns="http://www.w3.org/2000/svg" width="10" height="20" viewBox="0 0 10 20" class="oct-icon" aria-hidden="true" aria-label="" style="height: 14px; width: auto; fill: rgb(255, 204, 0);"><g clip-path="url(#3b8wbmf19a)" transform="translate(-202 -2221)"><g clip-path="url(#n79ah32ilb)" transform="translate(202 2221)"><g clip-path="url(#h1bi9j7dcc)" transform="translate(1.25 2.5)"><path stroke="#767676" stroke-miterlimit="5" d="m8.75 12.188-5.143 2.51.982-5.318L.43 5.614l5.75-.776L8.75 0l2.572 4.838 5.75.776L12.91 9.38l.982 5.318-5.143-2.51z"></path></g></g></g></svg><svg xmlns="http://www.w3.org/2000/svg" width="10" height="20" viewBox="0 0 10 20" class="oct-icon" aria-hidden="true" aria-label="" style="height: 14px; width: auto; fill: rgb(255, 204, 0);"><g clip-path="url(#7gjj25igta)" transform="translate(-232 -2221)"><g clip-path="url(#dvqif6313b)" transform="translate(232 2221)"><g clip-path="url(#6r7ozri4zc)" transform="translate(-8.75 2.5)"><path stroke="#767676" stroke-miterlimit="5" d="m8.75 12.188-5.143 2.51.982-5.318L.43 5.614l5.75-.776L8.75 0l2.572 4.838 5.75.776L12.91 9.38l.982 5.318-5.143-2.51z"></path></g></g></g></svg></span><span><svg xmlns="http://www.w3.org/2000/svg" width="10" height="20" viewBox="0 0 10 20" class="oct-icon" aria-hidden="true" aria-label="" style="height: 14px; width: auto; fill: rgb(255, 204, 0);"><g clip-path="url(#3b8wbmf19a)" transform="translate(-202 -2221)"><g clip-path="url(#n79ah32ilb)" transform="translate(202 2221)"><g clip-path="url(#h1bi9j7dcc)" transform="translate(1.25 2.5)"><path stroke="#767676" stroke-miterlimit="5" d="m8.75 12.188-5.143 2.51.982-5.318L.43 5.614l5.75-.776L8.75 0l2.572 4.838 5.75.776L12.91 9.38l.982 5.318-5.143-2.51z"></path></g></g></g></svg><svg xmlns="http://www.w3.org/2000/svg" width="10" height="20" viewBox="0 0 10 20" class="oct-icon" aria-hidden="true" aria-label="" style="height: 14px; width: auto; fill: rgb(255, 204, 0);"><g clip-path="url(#7gjj25igta)" transform="translate(-232 -2221)"><g clip-path="url(#dvqif6313b)" transform="translate(232 2221)"><g clip-path="url(#6r7ozri4zc)" transform="translate(-8.75 2.5)"><path stroke="#767676" stroke-miterlimit="5" d="m8.75 12.188-5.143 2.51.982-5.318L.43 5.614l5.75-.776L8.75 0l2.572 4.838 5.75.776L12.91 9.38l.982 5.318-5.143-2.51z"></path></g></g></g></svg></span><span><svg xmlns="http://www.w3.org/2000/svg" width="10" height="20" viewBox="0 0 10 20" class="oct-icon" aria-hidden="true" aria-label="" style="height: 14px; width: auto; fill: rgb(255, 204, 0);"><g clip-path="url(#3b8wbmf19a)" transform="translate(-202 -2221)"><g clip-path="url(#n79ah32ilb)" transform="translate(202 2221)"><g clip-path="url(#h1bi9j7dcc)" transform="translate(1.25 2.5)"><path stroke="#767676" stroke-miterlimit="5" d="m8.75 12.188-5.143 2.51.982-5.318L.43 5.614l5.75-.776L8.75 0l2.572 4.838 5.75.776L12.91 9.38l.982 5.318-5.143-2.51z"></path></g></g></g></svg><svg xmlns="http://www.w3.org/2000/svg" width="10" height="20" viewBox="0 0 10 20" class="oct-icon" aria-hidden="true" aria-label="" style="height: 14px; width: auto; fill: rgb(255, 204, 0);"><g clip-path="url(#7gjj25igta)" transform="translate(-232 -2221)"><g clip-path="url(#dvqif6313b)" transform="translate(232 2221)"><g clip-path="url(#6r7ozri4zc)" transform="translate(-8.75 2.5)"><path stroke="#767676" stroke-miterlimit="5" d="m8.75 12.188-5.143 2.51.982-5.318L.43 5.614l5.75-.776L8.75 0l2.572 4.838 5.75.776L12.91 9.38l.982 5.318-5.143-2.51z"></path></g></g></g></svg></span></div><div class="oct-reviews__optionalText"><a href="https://www.boots.com/soap-and-glory-a-moment-to-bloom-3-piece-full-size-gift-set-10354023#BVRRContainer" class="oct-link oct-link--theme-text oct-color--boots-blue oct-reviews__count" aria-label="5 stars out of 5. 1 reviews"><span class="oct-reviews__optionalTextCount">(1)</span></a></div></div></div><div class="oct-teaser__offer__container" aria-label=""><div class="oct-teaser__wrap"><button data-testid="button" class="oct-button oct-button--ellipses oct-button--cta oct-button--cta-default oct-button--cta-default-responsive oct-teaser__offer oct-teaser__offer--isAvailable oct-button--cta-custom" aria-label="Great Savings on Mother's Day gifts"><div class="oct-button__content">Great Savings on Mother's Day gifts</div></button></div></div><div class="oct-teaser__price-wrapper oct-teaser__price-wrapper--saving oct-teaser__price-wrapper--current"><div class="oct-teaser__price-col1-wrapper"><p class="oct-text oct-text--standard oct-text--size_m oct-aem-text oct-aem-text--p--variant-subtext oct-teaser__productPrice" data-testid="text">£15.00</p><div class="oct-teaser__product-price-wrapper"><p class="oct-text oct-text--standard oct-text--size_m oct-aem-text oct-aem-text--p--variant-subtext oct-teaser__productPriceSave" data-testid="text">Save £10.00</p></div><p class="oct-text oct-text--standard oct-text--size_m oct-aem-text oct-aem-text--p--variant-subtext oct-teaser__productPriceWas" data-testid="text">Was £25.00</p></div></div><div class="oct-teaser__price-detail-wrapper"><p class="oct-text oct-text--standard oct-text--size_m oct-aem-text oct-aem-text--p--variant-subtext oct-teaser__productPriceDetail" data-testid="text"></p></div></div><div class="oct-teaser__calls-to-action oct-teaser__calls-to-action--two oct-teaser__calls-to-action--left"></div></div></div><div class="oct-teaser__foreground"><a href="https://www.boots.com/soap-and-glory-a-moment-to-bloom-3-piece-full-size-gift-set-10354023" class="oct-link oct-link--theme-text oct-color--boots-blue oct-teaser-wrapper-link" tabindex="-1" aria-hidden="true" data-promo-creative="25% teaser" data-promo-position=""><div class="oct-image-link-wrapper"><img src="https://boots.scene7.com/is/image/Boots/10354023?op_sharpen=1" alt="Foreground image" class="oct-image oct-image--lazy" data-testid="lazy-image" decoding="async" loading="lazy"></div></a></div><div class="oct-teaser__calls-to-action oct-add-to-basket-callToAction oct-add-to-basket-callToAction--with-lister-basket"><div class="oct-add-to-basket"><div class="oct-input__iconContainer"><div></div><input type="hidden" class="oct-input" id="cmProductName_3055148" autocomplete="off" value="Soap &amp; Glory A Moment to Bloom 3 Piece Full Size Gift Set (10354023.P)" style=""></div><div class="oct-input__iconContainer"><div></div><input type="hidden" class="oct-input" id="catalogEntry_ID" name="catalogEntry_ID" autocomplete="off" value="3055148" style=""></div><div class="oct-input__iconContainer"><div></div><input type="hidden" class="oct-input" id="dlProductId_3055148" name="dlProductId_3055148" autocomplete="off" value="10354023.P" style=""></div><div class="oct-input__iconContainer"><div></div><input type="hidden" class="oct-input" id="dlProductName_3055148" name="dlProductName_3055148" autocomplete="off" value="Soap &amp; Glory A Moment to Bloom 3 Piece Full Size Gift Set" style=""></div><div class="oct-input__iconContainer"><div></div><input type="hidden" class="oct-input" id="dlParentCatentryID_10354023.P" name="dlParentCatentryID_10354023.P" autocomplete="off" value="3055148" style=""></div><div class="oct-input__iconContainer"><div></div><input type="hidden" class="oct-input" id="dlPackagePartNumber_3055148" name="dlPackagePartNumber_3055148" autocomplete="off" value="" style=""></div><div class="oct-add-to-basket__product_info-container"><div class="oct-add-to-basket__product_add noQuickBuy"><div class="oct-add-to-basket__quickBuySLPContainer quickBuySLPContainer"></div><div class="oct-add-to-basket__shopperActions shopperActions oct-add-to-basket__plp_shopperActions_redesign plp_shopperActions_redesign" id="shopperActionsRedesign3055148"><p class="oct-text oct-text--standard oct-text--size_m oct-aem-text oct-aem-text--p--variant-1 oct-add-to-basket__qty-errorMax qty_errorMax" data-testid="text" id="quantity_msg_3055148">Maximum quantity reached</p><div class="oct-add-to-basket__quantity-section quantity_section quantity_section_redesign" id="quantity_section_3055148"><button data-testid="button" class="oct-button oct-button--ellipses oct-button--cta oct-button--cta-default oct-button--cta-default-primaryTransparent oct-button--cta-default-responsive oct-aem-cta oct-add-to-basket__minus-quantity plus_quantity_disabled minus_quantity_redesign plus_quantity_disabled_redesign control-buttons oct-button--cta-midnight-blue-primary" to="" id="desreseQty_3055148" aria-label="Decrease Quantity Soap &amp; Glory A Moment to Bloom 3 Piece Full Size Gift Set" aria-hidden="false" data-icon="–"><div class="oct-button__content"></div></button><div class="oct-input__iconContainer"><div></div><input type="text" class="oct-input oct-add-to-basket__quantity-input quantity_input quantity_input_redesign" aria-label="quantity" name="quantity_$3055148" id="quantity_3055148" readonly="" maxlength="2" tabindex="-1" value="1" style=""></div><button data-testid="button" class="oct-button oct-button--ellipses oct-button--cta oct-button--cta-default oct-button--cta-default-primaryTransparent oct-button--cta-default-responsive oct-aem-cta oct-add-to-basket__plus-quantity plus_quantity plus_quantity_redesign control-buttons oct-button--cta-midnight-blue-primary" to="" id="increseQty_3055148" aria-label="Increase Quantity Soap &amp; Glory A Moment to Bloom 3 Piece Full Size Gift Set" aria-hidden="false" data-icon="+"><div class="oct-button__content"></div></button><div class="oct-add-to-basket__quantity-label quantity_label">in your basket</div></div><div class="oct-input__iconContainer"><div></div><input type="hidden" class="oct-input" name="freeGiftId_3055148" id="freeGiftId_3055148" value="" style=""></div><button data-testid="button" class="oct-button oct-button--ellipses oct-button--cta oct-button--cta-default oct-button--cta-default-primaryTransparent oct-button--cta-default-responsive oct-aem-cta oct-add-to-basket_button oct-button--cta-midnight-blue-primary" to="" id="add2CartBtn_3055148" eeindex="2" data-shop5="" aria-label="Add Soap &amp; Glory A Moment to Bloom 3 Piece Full Size Gift Set to basket"><div class="oct-button__content"><span class="oct-add-to-basket_button_text button_text button_text_redesign">Add to basket</span></div></button><div class="oct-input__iconContainer"><div></div><input type="hidden" class="oct-input" id="lister_orderItemId_3055148" name="lister_orderItemId" value="" style=""></div><div class="oct-input__iconContainer"><div></div><input type="hidden" class="oct-input" id="lister_orderItemQty_3055148" name="lister_orderItemId" value="0" style=""></div><div class="oct-add-to-basket--overlay" data-testid="oct-add-to-basket"><div class="oct-add-to-basket__overlay-popup oct-overlay-popup" id="basket_confirmation_popup_overlay"></div><div id="basket_confirmation_overlay_3055148" class="oct-add-to-basket__overlay-popup__dialog" style="display: none;"><div class="oct-add-to-basket__overlay-focus" role="dialog" aria-labelledby="3055148-dialog-message"><p class="oct-text oct-text--standard oct-text--size_m oct-aem-text oct-aem-text--p--variant-1 oct-add-to-basket__text" data-testid="text" id="3055148-dialog-message">Are you sure you want to remove this product?</p><a class="oct-link oct-link--theme-text oct-color--boots-blue oct-add-to-basket__close-btn" tabindex="0" title="Close overlay" role="button" aria-label="Close overlay">x</a><div class="row"><button data-testid="button" class="oct-button oct-button--default oct-button--default-default oct-button--default-default-responsive oct-add-to-basket__button-secondary oct-add-to-basket__button button" role="button"><div class="oct-button__content">Yes</div></button><button data-testid="button" class="oct-button oct-button--default oct-button--default-default oct-button--default-default-responsive oct-add-to-basket__button-tertiary oct-add-to-basket__button button" role="button"><div class="oct-button__content">No</div></button></div></div></div></div></div></div></div><div id="entitledItem_3055148" style="display: none;">[ { "catentry_id" : 3055149, "Attributes" : { }, "ItemImage" :
          "/wcsstore/eBootsStorefrontAssetStore/images/NoImageIcon.jpg",
          "ItemImage467" :
          "/wcsstore/eBootsStorefrontAssetStore/images/NoImageIcon.jpg",
          "ItemThumbnailImage" :
          "/wcsstore/eBootsStorefrontAssetStore/images/NoImageIcon_sm.jpg" } ]</div></div></div></div></div></div><div data-testid="cell" class="oct-grid__cell oct-grid__cell--width-3 oct-grid__cell--small-6 oct-grid__cell--medium-small-4 oct-grid__cell--medium-4 oct-grid__cell--medium-large-4 oct-listers-hits__item hit oct-listers__item--with-inGrid" data-insights-position="6" data-insights-query-id="9e35482c34e960965eebfb9265ec00be" data-insights-object-id="3018667" data-productid="10350253.P"><div class="oct-teaser-wrapper oct-teaser-with-basket oct-teaser-with-basket--productTile oct-teaser-with-lister-basket oct-teaser--listers oct-teaser--listers-default"><div class="oct-teaser oct-teaser--theme-productTile oct-teaser--border" style="text-align: left;"><div class="oct-teaser__promotion-offer-roundel-wrapper"><div class="oct-teaser__promotion-offer-roundel-item oct-teaser__promotion-offer-roundel-item--offer" aria-label="Item on offer" role="img">Offer</div></div><div class="oct-add-to-favorites" tabindex="0" role="checkbox" aria-checked="false" aria-label="Add item to favourites"><span class="oct-add-to-favorites__icon"></span></div><div class="oct-teaser__contents oct-teaser__contents--only-foreground-image"><div class="oct-teaser__contents-panel oct-teaser__contents-panel"><div class="oct-teaser__contents-panel--main-content"><div><img src="data:image/svg+xml;base64,PHN2ZyB4bWxucz0iaHR0cDovL3d3dy53My5vcmcvMjAwMC9zdmciIHdpZHRoPSIzMjUiIGhlaWdodD0iMzI1Ij48cmVjdCB3aWR0aD0iMTAwJSIgaGVpZ2h0PSIxMDAlIiBzdHlsZT0iZmlsbDojZjJmMmYyIi8+PC9zdmc+" alt="test" class="oct-image oct-teaser__contents-panel__logo oct-teaser__contents-panel__logo--small oct-image--lazy" data-testid="lazy-image" decoding="async" loading="lazy"></div><a href="https://www.boots.com/liz-earle-skin-repair-light-cream-50ml-10350253" class="oct-link oct-link--theme-text oct-color--boots-blue oct-teaser__title-link" aria-label="" title="Liz Earle Skin Repair Light Cream 50ml"><h3 class="oct-text oct-text--standard oct-text--size_m oct-aem-text oct-aem-text--h3--variant-1 oct-teaser__subtitle" data-testid="text">none</h3><div><h3 class="oct-text oct-text--standard oct-text--size_m oct-aem-text oct-aem-text--h3--variant-2 oct-teaser__title oct-teaser-with-listers" data-testid="text">Liz Earle Skin Repair Light Cream 50ml</h3></div></a><div class="oct-reviews__reviews-container" aria-label=""><div class="oct-reviews"><div class="oct-reviews__icons" data-testid="reviews__icons"><span><svg xmlns="http://www.w3.org/2000/svg" width="10" height="20" viewBox="0 0 10 20" class="oct-icon" aria-hidden="true" aria-label="" style="height: 14px; width: auto; fill: rgb(255, 204, 0);"><g clip-path="url(#3b8wbmf19a)" transform="translate(-202 -2221)"><g clip-path="url(#n79ah32ilb)" transform="translate(202 2221)"><g clip-path="url(#h1bi9j7dcc)" transform="translate(1.25 2.5)"><path stroke="#767676" stroke-miterlimit="5" d="m8.75 12.188-5.143 2.51.982-5.318L.43 5.614l5.75-.776L8.75 0l2.572 4.838 5.75.776L12.91 9.38l.982 5.318-5.143-2.51z"></path></g></g></g></svg><svg xmlns="http://www.w3.org/2000/svg" width="10" height="20" viewBox="0 0 10 20" class="oct-icon" aria-hidden="true" aria-label="" style="height: 14px; width: auto; fill: rgb(255, 204, 0);"><g clip-path="url(#7gjj25igta)" transform="translate(-232 -2221)"><g clip-path="url(#dvqif6313b)" transform="translate(232 2221)"><g clip-path="url(#6r7ozri4zc)" transform="translate(-8.75 2.5)"><path stroke="#767676" stroke-miterlimit="5" d="m8.75 12.188-5.143 2.51.982-5.318L.43 5.614l5.75-.776L8.75 0l2.572 4.838 5.75.776L12.91 9.38l.982 5.318-5.143-2.51z"></path></g></g></g></svg></span><span><svg xmlns="http://www.w3.org/2000/svg" width="10" height="20" viewBox="0 0 10 20" class="oct-icon" aria-hidden="true" aria-label="" style="height: 14px; width: auto; fill: rgb(255, 204, 0);"><g clip-path="url(#3b8wbmf19a)" transform="translate(-202 -2221)"><g clip-path="url(#n79ah32ilb)" transform="translate(202 2221)"><g clip-path="url(#h1bi9j7dcc)" transform="translate(1.25 2.5)"><path stroke="#767676" stroke-miterlimit="5" d="m8.75 12.188-5.143 2.51.982-5.318L.43 5.614l5.75-.776L8.75 0l2.572 4.838 5.75.776L12.91 9.38l.982 5.318-5.143-2.51z"></path></g></g></g></svg><svg xmlns="http://www.w3.org/2000/svg" width="10" height="20" viewBox="0 0 10 20" class="oct-icon" aria-hidden="true" aria-label="" style="height: 14px; width: auto; fill: rgb(255, 204, 0);"><g clip-path="url(#7gjj25igta)" transform="translate(-232 -2221)"><g clip-path="url(#dvqif6313b)" transform="translate(232 2221)"><g clip-path="url(#6r7ozri4zc)" transform="translate(-8.75 2.5)"><path stroke="#767676" stroke-miterlimit="5" d="m8.75 12.188-5.143 2.51.982-5.318L.43 5.614l5.75-.776L8.75 0l2.572 4.838 5.75.776L12.91 9.38l.982 5.318-5.143-2.51z"></path></g></g></g></svg></span><span><svg xmlns="http://www.w3.org/2000/svg" width="10" height="20" viewBox="0 0 10 20" class="oct-icon" aria-hidden="true" aria-label="" style="height: 14px; width: auto; fill: rgb(255, 204, 0);"><g clip-path="url(#3b8wbmf19a)" transform="translate(-202 -2221)"><g clip-path="url(#n79ah32ilb)" transform="translate(202 2221)"><g clip-path="url(#h1bi9j7dcc)" transform="translate(1.25 2.5)"><path stroke="#767676" stroke-miterlimit="5" d="m8.75 12.188-5.143 2.51.982-5.318L.43 5.614l5.75-.776L8.75 0l2.572 4.838 5.75.776L12.91 9.38l.982 5.318-5.143-2.51z"></path></g></g></g></svg><svg xmlns="http://www.w3.org/2000/svg" width="10" height="20" viewBox="0 0 10 20" class="oct-icon" aria-hidden="true" aria-label="" style="height: 14px; width: auto; fill: rgb(255, 204, 0);"><g clip-path="url(#7gjj25igta)" transform="translate(-232 -2221)"><g clip-path="url(#dvqif6313b)" transform="translate(232 2221)"><g clip-path="url(#6r7ozri4zc)" transform="translate(-8.75 2.5)"><path stroke="#767676" stroke-miterlimit="5" d="m8.75 12.188-5.143 2.51.982-5.318L.43 5.614l5.75-.776L8.75 0l2.572 4.838 5.75.776L12.91 9.38l.982 5.318-5.143-2.51z"></path></g></g></g></svg></span><span><svg xmlns="http://www.w3.org/2000/svg" width="10" height="20" viewBox="0 0 10 20" class="oct-icon" aria-hidden="true" aria-label="" style="height: 14px; width: auto; fill: rgb(255, 204, 0);"><g clip-path="url(#3b8wbmf19a)" transform="translate(-202 -2221)"><g clip-path="url(#n79ah32ilb)" transform="translate(202 2221)"><g clip-path="url(#h1bi9j7dcc)" transform="translate(1.25 2.5)"><path stroke="#767676" stroke-miterlimit="5" d="m8.75 12.188-5.143 2.51.982-5.318L.43 5.614l5.75-.776L8.75 0l2.572 4.838 5.75.776L12.91 9.38l.982 5.318-5.143-2.51z"></path></g></g></g></svg><svg xmlns="http://www.w3.org/2000/svg" width="10" height="20" viewBox="0 0 10 20" class="oct-icon" aria-hidden="true" aria-label="" style="height: 14px; width: auto; fill: rgb(255, 204, 0);"><g clip-path="url(#7gjj25igta)" transform="translate(-232 -2221)"><g clip-path="url(#dvqif6313b)" transform="translate(232 2221)"><g clip-path="url(#6r7ozri4zc)" transform="translate(-8.75 2.5)"><path stroke="#767676" stroke-miterlimit="5" d="m8.75 12.188-5.143 2.51.982-5.318L.43 5.614l5.75-.776L8.75 0l2.572 4.838 5.75.776L12.91 9.38l.982 5.318-5.143-2.51z"></path></g></g></g></svg></span><span><svg xmlns="http://www.w3.org/2000/svg" width="10" height="20" viewBox="0 0 10 20" class="oct-icon" aria-hidden="true" aria-label="" style="height: 14px; width: auto; fill: rgb(255, 204, 0);"><g clip-path="url(#3b8wbmf19a)" transform="translate(-202 -2221)"><g clip-path="url(#n79ah32ilb)" transform="translate(202 2221)"><g clip-path="url(#h1bi9j7dcc)" transform="translate(1.25 2.5)"><path stroke="#767676" stroke-miterlimit="5" d="m8.75 12.188-5.143 2.51.982-5.318L.43 5.614l5.75-.776L8.75 0l2.572 4.838 5.75.776L12.91 9.38l.982 5.318-5.143-2.51z"></path></g></g></g></svg><svg xmlns="http://www.w3.org/2000/svg" width="10" height="20" viewBox="0 0 10 20" class="oct-icon" aria-hidden="true" aria-label="" style="height: 14px; width: auto; fill: rgb(255, 204, 0);"><g clip-path="url(#7gjj25igta)" transform="translate(-232 -2221)"><g clip-path="url(#dvqif6313b)" transform="translate(232 2221)"><g clip-path="url(#6r7ozri4zc)" transform="translate(-8.75 2.5)"><path stroke="#767676" stroke-miterlimit="5" d="m8.75 12.188-5.143 2.51.982-5.318L.43 5.614l5.75-.776L8.75 0l2.572 4.838 5.75.776L12.91 9.38l.982 5.318-5.143-2.51z"></path></g></g></g></svg></span></div><div class="oct-reviews__optionalText"><a href="https://www.boots.com/liz-earle-skin-repair-light-cream-50ml-10350253#BVRRContainer" class="oct-link oct-link--theme-text oct-color--boots-blue oct-reviews__count" aria-label="5 stars out of 5. 2 reviews"><span class="oct-reviews__optionalTextCount">(2)</span></a></div></div></div><div class="oct-teaser__offer__container" aria-label=""><div class="oct-teaser__wrap"><button data-testid="button" class="oct-button oct-button--ellipses oct-button--cta oct-button--cta-default oct-button--cta-default-responsive oct-teaser__offer oct-teaser__offer--isAvailable oct-button--cta-custom" aria-label="Buy 1 get 2nd 1/2 price on selected Liz Earle"><div class="oct-button__content">Buy 1 get 2nd 1/2 price on selected Liz Earle</div></button></div></div><div class="oct-teaser__price-wrapper oct-teaser__price-wrapper--saving oct-teaser__price-wrapper--current"><div class="oct-teaser__price-col1-wrapper"><p class="oct-text oct-text--standard oct-text--size_m oct-aem-text oct-aem-text--p--variant-subtext oct-teaser__productPrice" data-testid="text">£23.80</p><div class="oct-teaser__product-price-wrapper"><p class="oct-text oct-text--standard oct-text--size_m oct-aem-text oct-aem-text--p--variant-subtext oct-teaser__productPriceSave" data-testid="text">Save £4.20</p></div><p class="oct-text oct-text--standard oct-text--size_m oct-aem-text oct-aem-text--p--variant-subtext oct-teaser__productPriceWas" data-testid="text">Was £28.00</p></div></div><div class="oct-teaser__price-detail-wrapper"><p class="oct-text oct-text--standard oct-text--size_m oct-aem-text oct-aem-text--p--variant-subtext oct-teaser__productPriceDetail" data-testid="text">50ML | £47.60 per 100ML</p></div></div><div class="oct-teaser__calls-to-action oct-teaser__calls-to-action--two oct-teaser__calls-to-action--left"></div></div></div><div class="oct-teaser__foreground"><a href="https://www.boots.com/liz-earle-skin-repair-light-cream-50ml-10350253" class="oct-link oct-link--theme-text oct-color--boots-blue oct-teaser-wrapper-link" tabindex="-1" aria-hidden="true" data-promo-creative="25% teaser" data-promo-position=""><div class="oct-image-link-wrapper"><img src="https://boots.scene7.com/is/image/Boots/10350253?op_sharpen=1" alt="Foreground image" class="oct-image oct-image--lazy" data-testid="lazy-image" decoding="async" loading="lazy"></div></a></div><div class="oct-teaser__calls-to-action oct-add-to-basket-callToAction oct-add-to-basket-callToAction--with-lister-basket"><div class="oct-add-to-basket"><div class="oct-input__iconContainer"><div></div><input type="hidden" class="oct-input" id="cmProductName_3018666" autocomplete="off" value="Liz Earle Skin Repair Light Cream 50ml (10350253.P)" style=""></div><div class="oct-input__iconContainer"><div></div><input type="hidden" class="oct-input" id="catalogEntry_ID" name="catalogEntry_ID" autocomplete="off" value="3018666" style=""></div><div class="oct-input__iconContainer"><div></div><input type="hidden" class="oct-input" id="dlProductId_3018666" name="dlProductId_3018666" autocomplete="off" value="10350253.P" style=""></div><div class="oct-input__iconContainer"><div></div><input type="hidden" class="oct-input" id="dlProductName_3018666" name="dlProductName_3018666" autocomplete="off" value="Liz Earle Skin Repair Light Cream 50ml" style=""></div><div class="oct-input__iconContainer"><div></div><input type="hidden" class="oct-input" id="dlParentCatentryID_10350253.P" name="dlParentCatentryID_10350253.P" autocomplete="off" value="3018666" style=""></div><div class="oct-input__iconContainer"><div></div><input type="hidden" class="oct-input" id="dlPackagePartNumber_3018666" name="dlPackagePartNumber_3018666" autocomplete="off" value="" style=""></div><div class="oct-add-to-basket__product_info-container"><div class="oct-add-to-basket__product_add noQuickBuy"><div class="oct-add-to-basket__quickBuySLPContainer quickBuySLPContainer"></div><div class="oct-add-to-basket__shopperActions shopperActions oct-add-to-basket__plp_shopperActions_redesign plp_shopperActions_redesign" id="shopperActionsRedesign3018666"><p class="oct-text oct-text--standard oct-text--size_m oct-aem-text oct-aem-text--p--variant-1 oct-add-to-basket__qty-errorMax qty_errorMax" data-testid="text" id="quantity_msg_3018666">Maximum quantity reached</p><div class="oct-add-to-basket__quantity-section quantity_section quantity_section_redesign" id="quantity_section_3018666"><button data-testid="button" class="oct-button oct-button--ellipses oct-button--cta oct-button--cta-default oct-button--cta-default-primaryTransparent oct-button--cta-default-responsive oct-aem-cta oct-add-to-basket__minus-quantity plus_quantity_disabled minus_quantity_redesign plus_quantity_disabled_redesign control-buttons oct-button--cta-midnight-blue-primary" to="" id="desreseQty_3018666" aria-label="Decrease Quantity Liz Earle Skin Repair Light Cream 50ml" aria-hidden="false" data-icon="–"><div class="oct-button__content"></div></button><div class="oct-input__iconContainer"><div></div><input type="text" class="oct-input oct-add-to-basket__quantity-input quantity_input quantity_input_redesign" aria-label="quantity" name="quantity_$3018666" id="quantity_3018666" readonly="" maxlength="2" tabindex="-1" value="1" style=""></div><button data-testid="button" class="oct-button oct-button--ellipses oct-button--cta oct-button--cta-default oct-button--cta-default-primaryTransparent oct-button--cta-default-responsive oct-aem-cta oct-add-to-basket__plus-quantity plus_quantity plus_quantity_redesign control-buttons oct-button--cta-midnight-blue-primary" to="" id="increseQty_3018666" aria-label="Increase Quantity Liz Earle Skin Repair Light Cream 50ml" aria-hidden="false" data-icon="+"><div class="oct-button__content"></div></button><div class="oct-add-to-basket__quantity-label quantity_label">in your basket</div></div><div class="oct-input__iconContainer"><div></div><input type="hidden" class="oct-input" name="freeGiftId_3018666" id="freeGiftId_3018666" value="" style=""></div><button data-testid="button" class="oct-button oct-button--ellipses oct-button--cta oct-button--cta-default oct-button--cta-default-primaryTransparent oct-button--cta-default-responsive oct-aem-cta oct-add-to-basket_button oct-button--cta-midnight-blue-primary" to="" id="add2CartBtn_3018666" eeindex="2" data-shop5="" aria-label="Add Liz Earle Skin Repair Light Cream 50ml to basket"><div class="oct-button__content"><span class="oct-add-to-basket_button_text button_text button_text_redesign">Add to basket</span></div></button><div class="oct-input__iconContainer"><div></div><input type="hidden" class="oct-input" id="lister_orderItemId_3018666" name="lister_orderItemId" value="" style=""></div><div class="oct-input__iconContainer"><div></div><input type="hidden" class="oct-input" id="lister_orderItemQty_3018666" name="lister_orderItemId" value="0" style=""></div><div class="oct-add-to-basket--overlay" data-testid="oct-add-to-basket"><div class="oct-add-to-basket__overlay-popup oct-overlay-popup" id="basket_confirmation_popup_overlay"></div><div id="basket_confirmation_overlay_3018666" class="oct-add-to-basket__overlay-popup__dialog" style="display: none;"><div class="oct-add-to-basket__overlay-focus" role="dialog" aria-labelledby="3018666-dialog-message"><p class="oct-text oct-text--standard oct-text--size_m oct-aem-text oct-aem-text--p--variant-1 oct-add-to-basket__text" data-testid="text" id="3018666-dialog-message">Are you sure you want to remove this product?</p><a class="oct-link oct-link--theme-text oct-color--boots-blue oct-add-to-basket__close-btn" tabindex="0" title="Close overlay" role="button" aria-label="Close overlay">x</a><div class="row"><button data-testid="button" class="oct-button oct-button--default oct-button--default-default oct-button--default-default-responsive oct-add-to-basket__button-secondary oct-add-to-basket__button button" role="button"><div class="oct-button__content">Yes</div></button><button data-testid="button" class="oct-button oct-button--default oct-button--default-default oct-button--default-default-responsive oct-add-to-basket__button-tertiary oct-add-to-basket__button button" role="button"><div class="oct-button__content">No</div></button></div></div></div></div></div></div></div><div id="entitledItem_3018666" style="display: none;">[ { "catentry_id" : 3018667, "Attributes" : { }, "ItemImage" :
          "/wcsstore/eBootsStorefrontAssetStore/images/NoImageIcon.jpg",
          "ItemImage467" :
          "/wcsstore/eBootsStorefrontAssetStore/images/NoImageIcon.jpg",
          "ItemThumbnailImage" :
          "/wcsstore/eBootsStorefrontAssetStore/images/NoImageIcon_sm.jpg" } ]</div></div></div></div></div></div><div data-testid="cell" class="oct-grid__cell oct-grid__cell--width-3 oct-grid__cell--small-6 oct-grid__cell--medium-small-4 oct-grid__cell--medium-4 oct-grid__cell--medium-large-4 oct-listers-hits__item hit oct-listers__item--with-inGrid" data-insights-position="7" data-insights-query-id="9e35482c34e960965eebfb9265ec00be" data-insights-object-id="3075645" data-productid="10358502.P"><div class="oct-teaser-wrapper oct-teaser-with-basket oct-teaser-with-basket--productTile oct-teaser-with-lister-basket oct-teaser--listers oct-teaser--listers-default"><div class="oct-teaser oct-teaser--theme-productTile oct-teaser--border" style="text-align: left;"><div class="oct-teaser__promotion-offer-roundel-wrapper"><div class="oct-teaser__promotion-offer-roundel-item oct-teaser__promotion-offer-roundel-item--offer" aria-label="Item on offer" role="img">Offer</div></div><div class="oct-add-to-favorites" tabindex="0" role="checkbox" aria-checked="false" aria-label="Add item to favourites"><span class="oct-add-to-favorites__icon"></span></div><div class="oct-teaser__contents oct-teaser__contents--only-foreground-image"><div class="oct-teaser__contents-panel oct-teaser__contents-panel"><div class="oct-teaser__contents-panel--main-content"><div><img src="data:image/svg+xml;base64,PHN2ZyB4bWxucz0iaHR0cDovL3d3dy53My5vcmcvMjAwMC9zdmciIHdpZHRoPSIzMjUiIGhlaWdodD0iMzI1Ij48cmVjdCB3aWR0aD0iMTAwJSIgaGVpZ2h0PSIxMDAlIiBzdHlsZT0iZmlsbDojZjJmMmYyIi8+PC9zdmc+" alt="test" class="oct-image oct-teaser__contents-panel__logo oct-teaser__contents-panel__logo--small oct-image--lazy" data-testid="lazy-image" decoding="async" loading="lazy"></div><a href="https://www.boots.com/estee-lauder-advanced-night-repair-eye-cream-4-piece-skincare-gift-set-10358502" class="oct-link oct-link--theme-text oct-color--boots-blue oct-teaser__title-link" aria-label="" title="Estée Lauder Advanced Night Repair Eye Cream 4-Piece Skincare Gift Set"><h3 class="oct-text oct-text--standard oct-text--size_m oct-aem-text oct-aem-text--h3--variant-1 oct-teaser__subtitle" data-testid="text">none</h3><div><h3 class="oct-text oct-text--standard oct-text--size_m oct-aem-text oct-aem-text--h3--variant-2 oct-teaser__title oct-teaser-with-listers" data-testid="text">Estée Lauder Advanced Night Repair Eye Cream 4-Piece Skincare Gift Set</h3></div></a><div class="oct-reviews__reviews-container" aria-label=""><div class="oct-reviews"><div class="oct-reviews__icons" data-testid="reviews__icons"><span><svg xmlns="http://www.w3.org/2000/svg" width="10" height="20" viewBox="0 0 10 20" class="oct-icon" aria-hidden="true" aria-label="" style="height: 14px; width: auto; fill: rgb(255, 204, 0);"><g clip-path="url(#3b8wbmf19a)" transform="translate(-202 -2221)"><g clip-path="url(#n79ah32ilb)" transform="translate(202 2221)"><g clip-path="url(#h1bi9j7dcc)" transform="translate(1.25 2.5)"><path stroke="#767676" stroke-miterlimit="5" d="m8.75 12.188-5.143 2.51.982-5.318L.43 5.614l5.75-.776L8.75 0l2.572 4.838 5.75.776L12.91 9.38l.982 5.318-5.143-2.51z"></path></g></g></g></svg><svg xmlns="http://www.w3.org/2000/svg" width="10" height="20" viewBox="0 0 10 20" class="oct-icon" aria-hidden="true" aria-label="" style="height: 14px; width: auto; fill: rgb(255, 204, 0);"><g clip-path="url(#7gjj25igta)" transform="translate(-232 -2221)"><g clip-path="url(#dvqif6313b)" transform="translate(232 2221)"><g clip-path="url(#6r7ozri4zc)" transform="translate(-8.75 2.5)"><path stroke="#767676" stroke-miterlimit="5" d="m8.75 12.188-5.143 2.51.982-5.318L.43 5.614l5.75-.776L8.75 0l2.572 4.838 5.75.776L12.91 9.38l.982 5.318-5.143-2.51z"></path></g></g></g></svg></span><span><svg xmlns="http://www.w3.org/2000/svg" width="10" height="20" viewBox="0 0 10 20" class="oct-icon" aria-hidden="true" aria-label="" style="height: 14px; width: auto; fill: rgb(255, 204, 0);"><g clip-path="url(#3b8wbmf19a)" transform="translate(-202 -2221)"><g clip-path="url(#n79ah32ilb)" transform="translate(202 2221)"><g clip-path="url(#h1bi9j7dcc)" transform="translate(1.25 2.5)"><path stroke="#767676" stroke-miterlimit="5" d="m8.75 12.188-5.143 2.51.982-5.318L.43 5.614l5.75-.776L8.75 0l2.572 4.838 5.75.776L12.91 9.38l.982 5.318-5.143-2.51z"></path></g></g></g></svg><svg xmlns="http://www.w3.org/2000/svg" width="10" height="20" viewBox="0 0 10 20" class="oct-icon" aria-hidden="true" aria-label="" style="height: 14px; width: auto; fill: rgb(255, 204, 0);"><g clip-path="url(#7gjj25igta)" transform="translate(-232 -2221)"><g clip-path="url(#dvqif6313b)" transform="translate(232 2221)"><g clip-path="url(#6r7ozri4zc)" transform="translate(-8.75 2.5)"><path stroke="#767676" stroke-miterlimit="5" d="m8.75 12.188-5.143 2.51.982-5.318L.43 5.614l5.75-.776L8.75 0l2.572 4.838 5.75.776L12.91 9.38l.982 5.318-5.143-2.51z"></path></g></g></g></svg></span><span><svg xmlns="http://www.w3.org/2000/svg" width="10" height="20" viewBox="0 0 10 20" class="oct-icon" aria-hidden="true" aria-label="" style="height: 14px; width: auto; fill: rgb(255, 204, 0);"><g clip-path="url(#3b8wbmf19a)" transform="translate(-202 -2221)"><g clip-path="url(#n79ah32ilb)" transform="translate(202 2221)"><g clip-path="url(#h1bi9j7dcc)" transform="translate(1.25 2.5)"><path stroke="#767676" stroke-miterlimit="5" d="m8.75 12.188-5.143 2.51.982-5.318L.43 5.614l5.75-.776L8.75 0l2.572 4.838 5.75.776L12.91 9.38l.982 5.318-5.143-2.51z"></path></g></g></g></svg><svg xmlns="http://www.w3.org/2000/svg" width="10" height="20" viewBox="0 0 10 20" class="oct-icon" aria-hidden="true" aria-label="" style="height: 14px; width: auto; fill: rgb(255, 204, 0);"><g clip-path="url(#7gjj25igta)" transform="translate(-232 -2221)"><g clip-path="url(#dvqif6313b)" transform="translate(232 2221)"><g clip-path="url(#6r7ozri4zc)" transform="translate(-8.75 2.5)"><path stroke="#767676" stroke-miterlimit="5" d="m8.75 12.188-5.143 2.51.982-5.318L.43 5.614l5.75-.776L8.75 0l2.572 4.838 5.75.776L12.91 9.38l.982 5.318-5.143-2.51z"></path></g></g></g></svg></span><span><svg xmlns="http://www.w3.org/2000/svg" width="10" height="20" viewBox="0 0 10 20" class="oct-icon" aria-hidden="true" aria-label="" style="height: 14px; width: auto; fill: rgb(255, 204, 0);"><g clip-path="url(#3b8wbmf19a)" transform="translate(-202 -2221)"><g clip-path="url(#n79ah32ilb)" transform="translate(202 2221)"><g clip-path="url(#h1bi9j7dcc)" transform="translate(1.25 2.5)"><path stroke="#767676" stroke-miterlimit="5" d="m8.75 12.188-5.143 2.51.982-5.318L.43 5.614l5.75-.776L8.75 0l2.572 4.838 5.75.776L12.91 9.38l.982 5.318-5.143-2.51z"></path></g></g></g></svg><svg xmlns="http://www.w3.org/2000/svg" width="10" height="20" viewBox="0 0 10 20" class="oct-icon" aria-hidden="true" aria-label="" style="height: 14px; width: auto; fill: rgb(255, 204, 0);"><g clip-path="url(#7gjj25igta)" transform="translate(-232 -2221)"><g clip-path="url(#dvqif6313b)" transform="translate(232 2221)"><g clip-path="url(#6r7ozri4zc)" transform="translate(-8.75 2.5)"><path stroke="#767676" stroke-miterlimit="5" d="m8.75 12.188-5.143 2.51.982-5.318L.43 5.614l5.75-.776L8.75 0l2.572 4.838 5.75.776L12.91 9.38l.982 5.318-5.143-2.51z"></path></g></g></g></svg></span><span><svg xmlns="http://www.w3.org/2000/svg" width="10" height="20" viewBox="0 0 10 20" class="oct-icon" aria-hidden="true" aria-label="" style="height: 14px; width: auto; fill: rgb(255, 204, 0);"><g clip-path="url(#3b8wbmf19a)" transform="translate(-202 -2221)"><g clip-path="url(#n79ah32ilb)" transform="translate(202 2221)"><g clip-path="url(#h1bi9j7dcc)" transform="translate(1.25 2.5)"><path stroke="#767676" stroke-miterlimit="5" d="m8.75 12.188-5.143 2.51.982-5.318L.43 5.614l5.75-.776L8.75 0l2.572 4.838 5.75.776L12.91 9.38l.982 5.318-5.143-2.51z"></path></g></g></g></svg><svg xmlns="http://www.w3.org/2000/svg" width="10" height="20" viewBox="0 0 10 20" class="oct-icon" aria-hidden="true" aria-label="" style="height: 14px; width: auto; fill: rgb(255, 204, 0);"><g clip-path="url(#7gjj25igta)" transform="translate(-232 -2221)"><g clip-path="url(#dvqif6313b)" transform="translate(232 2221)"><g clip-path="url(#6r7ozri4zc)" transform="translate(-8.75 2.5)"><path stroke="#767676" stroke-miterlimit="5" d="m8.75 12.188-5.143 2.51.982-5.318L.43 5.614l5.75-.776L8.75 0l2.572 4.838 5.75.776L12.91 9.38l.982 5.318-5.143-2.51z"></path></g></g></g></svg></span></div><div class="oct-reviews__optionalText"><a href="https://www.boots.com/estee-lauder-advanced-night-repair-eye-cream-4-piece-skincare-gift-set-10358502#BVRRContainer" class="oct-link oct-link--theme-text oct-color--boots-blue oct-reviews__count" aria-label="5 stars out of 5. 2 reviews"><span class="oct-reviews__optionalTextCount">(2)</span></a></div></div></div><div class="oct-teaser__offer__container" aria-label=""><div class="oct-teaser__wrap"><button data-testid="button" class="oct-button oct-button--ellipses oct-button--cta oct-button--cta-default oct-button--cta-default-responsive oct-teaser__offer oct-teaser__offer--isAvailable oct-button--cta-custom" aria-label="Worth £116"><div class="oct-button__content">Worth £116</div></button></div></div><div class="oct-teaser__price-wrapper oct-teaser__price-wrapper--saving oct-teaser__price-wrapper--current"><div class="oct-teaser__price-col1-wrapper"><p class="oct-text oct-text--standard oct-text--size_m oct-aem-text oct-aem-text--p--variant-subtext oct-teaser__productPrice" data-testid="text">£49.60</p><div class="oct-teaser__product-price-wrapper"><p class="oct-text oct-text--standard oct-text--size_m oct-aem-text oct-aem-text--p--variant-subtext oct-teaser__productPriceSave" data-testid="text">Save £12.40</p></div><p class="oct-text oct-text--standard oct-text--size_m oct-aem-text oct-aem-text--p--variant-subtext oct-teaser__productPriceWas" data-testid="text">Was £62.00</p></div></div><div class="oct-teaser__price-detail-wrapper"><p class="oct-text oct-text--standard oct-text--size_m oct-aem-text oct-aem-text--p--variant-subtext oct-teaser__productPriceDetail" data-testid="text"></p></div></div><div class="oct-teaser__calls-to-action oct-teaser__calls-to-action--two oct-teaser__calls-to-action--left"></div></div></div><div class="oct-teaser__foreground"><a href="https://www.boots.com/estee-lauder-advanced-night-repair-eye-cream-4-piece-skincare-gift-set-10358502" class="oct-link oct-link--theme-text oct-color--boots-blue oct-teaser-wrapper-link" tabindex="-1" aria-hidden="true" data-promo-creative="25% teaser" data-promo-position=""><div class="oct-image-link-wrapper"><img src="https://boots.scene7.com/is/image/Boots/10358502?op_sharpen=1" alt="Foreground image" class="oct-image oct-image--lazy" data-testid="lazy-image" decoding="async" loading="lazy"></div></a></div><div class="oct-teaser__calls-to-action oct-add-to-basket-callToAction oct-add-to-basket-callToAction--with-lister-basket"><div class="oct-add-to-basket"><div class="oct-input__iconContainer"><div></div><input type="hidden" class="oct-input" id="cmProductName_3075644" autocomplete="off" value="Estée Lauder Advanced Night Repair Eye Cream 4-Piece Skincare Gift Set (10358502.P)" style=""></div><div class="oct-input__iconContainer"><div></div><input type="hidden" class="oct-input" id="catalogEntry_ID" name="catalogEntry_ID" autocomplete="off" value="3075644" style=""></div><div class="oct-input__iconContainer"><div></div><input type="hidden" class="oct-input" id="dlProductId_3075644" name="dlProductId_3075644" autocomplete="off" value="10358502.P" style=""></div><div class="oct-input__iconContainer"><div></div><input type="hidden" class="oct-input" id="dlProductName_3075644" name="dlProductName_3075644" autocomplete="off" value="Estée Lauder Advanced Night Repair Eye Cream 4-Piece Skincare Gift Set" style=""></div><div class="oct-input__iconContainer"><div></div><input type="hidden" class="oct-input" id="dlParentCatentryID_10358502.P" name="dlParentCatentryID_10358502.P" autocomplete="off" value="3075644" style=""></div><div class="oct-input__iconContainer"><div></div><input type="hidden" class="oct-input" id="dlPackagePartNumber_3075644" name="dlPackagePartNumber_3075644" autocomplete="off" value="" style=""></div><div class="oct-add-to-basket__product_info-container"><div class="oct-add-to-basket__product_add noQuickBuy"><div class="oct-add-to-basket__quickBuySLPContainer quickBuySLPContainer"></div><div class="oct-add-to-basket__shopperActions shopperActions oct-add-to-basket__plp_shopperActions_redesign plp_shopperActions_redesign" id="shopperActionsRedesign3075644"><p class="oct-text oct-text--standard oct-text--size_m oct-aem-text oct-aem-text--p--variant-1 oct-add-to-basket__qty-errorMax qty_errorMax" data-testid="text" id="quantity_msg_3075644">Maximum quantity reached</p><div class="oct-add-to-basket__quantity-section quantity_section quantity_section_redesign" id="quantity_section_3075644"><button data-testid="button" class="oct-button oct-button--ellipses oct-button--cta oct-button--cta-default oct-button--cta-default-primaryTransparent oct-button--cta-default-responsive oct-aem-cta oct-add-to-basket__minus-quantity plus_quantity_disabled minus_quantity_redesign plus_quantity_disabled_redesign control-buttons oct-button--cta-midnight-blue-primary" to="" id="desreseQty_3075644" aria-label="Decrease Quantity Estée Lauder Advanced Night Repair Eye Cream 4-Piece Skincare Gift Set" aria-hidden="false" data-icon="–"><div class="oct-button__content"></div></button><div class="oct-input__iconContainer"><div></div><input type="text" class="oct-input oct-add-to-basket__quantity-input quantity_input quantity_input_redesign" aria-label="quantity" name="quantity_$3075644" id="quantity_3075644" readonly="" maxlength="2" tabindex="-1" value="1" style=""></div><button data-testid="button" class="oct-button oct-button--ellipses oct-button--cta oct-button--cta-default oct-button--cta-default-primaryTransparent oct-button--cta-default-responsive oct-aem-cta oct-add-to-basket__plus-quantity plus_quantity plus_quantity_redesign control-buttons oct-button--cta-midnight-blue-primary" to="" id="increseQty_3075644" aria-label="Increase Quantity Estée Lauder Advanced Night Repair Eye Cream 4-Piece Skincare Gift Set" aria-hidden="false" data-icon="+"><div class="oct-button__content"></div></button><div class="oct-add-to-basket__quantity-label quantity_label">in your basket</div></div><div class="oct-input__iconContainer"><div></div><input type="hidden" class="oct-input" name="freeGiftId_3075644" id="freeGiftId_3075644" value="" style=""></div><button data-testid="button" class="oct-button oct-button--ellipses oct-button--cta oct-button--cta-default oct-button--cta-default-primaryTransparent oct-button--cta-default-responsive oct-aem-cta oct-add-to-basket_button oct-button--cta-midnight-blue-primary" to="" id="add2CartBtn_3075644" eeindex="2" data-shop5="" aria-label="Add Estée Lauder Advanced Night Repair Eye Cream 4-Piece Skincare Gift Set to basket"><div class="oct-button__content"><span class="oct-add-to-basket_button_text button_text button_text_redesign">Add to basket</span></div></button><div class="oct-input__iconContainer"><div></div><input type="hidden" class="oct-input" id="lister_orderItemId_3075644" name="lister_orderItemId" value="" style=""></div><div class="oct-input__iconContainer"><div></div><input type="hidden" class="oct-input" id="lister_orderItemQty_3075644" name="lister_orderItemId" value="0" style=""></div><div class="oct-add-to-basket--overlay" data-testid="oct-add-to-basket"><div class="oct-add-to-basket__overlay-popup oct-overlay-popup" id="basket_confirmation_popup_overlay"></div><div id="basket_confirmation_overlay_3075644" class="oct-add-to-basket__overlay-popup__dialog" style="display: none;"><div class="oct-add-to-basket__overlay-focus" role="dialog" aria-labelledby="3075644-dialog-message"><p class="oct-text oct-text--standard oct-text--size_m oct-aem-text oct-aem-text--p--variant-1 oct-add-to-basket__text" data-testid="text" id="3075644-dialog-message">Are you sure you want to remove this product?</p><a class="oct-link oct-link--theme-text oct-color--boots-blue oct-add-to-basket__close-btn" tabindex="0" title="Close overlay" role="button" aria-label="Close overlay">x</a><div class="row"><button data-testid="button" class="oct-button oct-button--default oct-button--default-default oct-button--default-default-responsive oct-add-to-basket__button-secondary oct-add-to-basket__button button" role="button"><div class="oct-button__content">Yes</div></button><button data-testid="button" class="oct-button oct-button--default oct-button--default-default oct-button--default-default-responsive oct-add-to-basket__button-tertiary oct-add-to-basket__button button" role="button"><div class="oct-button__content">No</div></button></div></div></div></div></div></div></div><div id="entitledItem_3075644" style="display: none;">[ { "catentry_id" : 3075645, "Attributes" : { }, "ItemImage" :
          "/wcsstore/eBootsStorefrontAssetStore/images/NoImageIcon.jpg",
          "ItemImage467" :
          "/wcsstore/eBootsStorefrontAssetStore/images/NoImageIcon.jpg",
          "ItemThumbnailImage" :
          "/wcsstore/eBootsStorefrontAssetStore/images/NoImageIcon_sm.jpg" } ]</div></div></div></div></div></div><div data-testid="cell" class="oct-grid__cell oct-grid__cell--width-3 oct-grid__cell--small-6 oct-grid__cell--medium-small-4 oct-grid__cell--medium-4 oct-grid__cell--medium-large-4 oct-listers-hits__item hit oct-listers__item--with-inGrid" data-insights-position="8" data-insights-query-id="9e35482c34e960965eebfb9265ec00be" data-insights-object-id="3102116" data-productid="10361221.P"><div class="oct-teaser-wrapper oct-teaser-with-basket oct-teaser-with-basket--productTile oct-teaser-with-lister-basket oct-teaser--listers oct-teaser--listers-default"><div class="oct-teaser oct-teaser--theme-productTile oct-teaser--border" style="text-align: left;"><div class="oct-teaser__promotion-offer-roundel-wrapper"></div><div class="oct-add-to-favorites" tabindex="0" role="checkbox" aria-checked="false" aria-label="Add item to favourites"><span class="oct-add-to-favorites__icon"></span></div><div class="oct-teaser__contents oct-teaser__contents--only-foreground-image"><div class="oct-teaser__contents-panel oct-teaser__contents-panel"><div class="oct-teaser__contents-panel--main-content"><div><img src="data:image/svg+xml;base64,PHN2ZyB4bWxucz0iaHR0cDovL3d3dy53My5vcmcvMjAwMC9zdmciIHdpZHRoPSIzMjUiIGhlaWdodD0iMzI1Ij48cmVjdCB3aWR0aD0iMTAwJSIgaGVpZ2h0PSIxMDAlIiBzdHlsZT0iZmlsbDojZjJmMmYyIi8+PC9zdmc+" alt="test" class="oct-image oct-teaser__contents-panel__logo oct-teaser__contents-panel__logo--small oct-image--lazy" data-testid="lazy-image" decoding="async" loading="lazy"></div><a href="https://www.boots.com/boots-skin-clear-with-salicylic-acid-blemish-stickers-23s-10361221" class="oct-link oct-link--theme-text oct-color--boots-blue oct-teaser__title-link" aria-label="" title="Boots Skin Clear with Salicylic Acid Blemish Stickers 23s"><h3 class="oct-text oct-text--standard oct-text--size_m oct-aem-text oct-aem-text--h3--variant-1 oct-teaser__subtitle" data-testid="text">none</h3><div><h3 class="oct-text oct-text--standard oct-text--size_m oct-aem-text oct-aem-text--h3--variant-2 oct-teaser__title oct-teaser-with-listers" data-testid="text">Boots Skin Clear with Salicylic Acid Blemish Stickers 23s</h3></div></a><div class="oct-reviews__reviews-container" aria-label=""><div class="oct-reviews"><div class="oct-reviews__icons" data-testid="reviews__icons"><span><svg xmlns="http://www.w3.org/2000/svg" width="10" height="20" viewBox="0 0 10 20" class="oct-icon" aria-hidden="true" aria-label="" style="height: 14px; width: auto; fill: rgb(255, 204, 0);"><g clip-path="url(#3b8wbmf19a)" transform="translate(-202 -2221)"><g clip-path="url(#n79ah32ilb)" transform="translate(202 2221)"><g clip-path="url(#h1bi9j7dcc)" transform="translate(1.25 2.5)"><path stroke="#767676" stroke-miterlimit="5" d="m8.75 12.188-5.143 2.51.982-5.318L.43 5.614l5.75-.776L8.75 0l2.572 4.838 5.75.776L12.91 9.38l.982 5.318-5.143-2.51z"></path></g></g></g></svg><svg xmlns="http://www.w3.org/2000/svg" width="10" height="20" viewBox="0 0 10 20" class="oct-icon" aria-hidden="true" aria-label="" style="height: 14px; width: auto; fill: rgb(255, 204, 0);"><g clip-path="url(#7gjj25igta)" transform="translate(-232 -2221)"><g clip-path="url(#dvqif6313b)" transform="translate(232 2221)"><g clip-path="url(#6r7ozri4zc)" transform="translate(-8.75 2.5)"><path stroke="#767676" stroke-miterlimit="5" d="m8.75 12.188-5.143 2.51.982-5.318L.43 5.614l5.75-.776L8.75 0l2.572 4.838 5.75.776L12.91 9.38l.982 5.318-5.143-2.51z"></path></g></g></g></svg></span><span><svg xmlns="http://www.w3.org/2000/svg" width="10" height="20" viewBox="0 0 10 20" class="oct-icon" aria-hidden="true" aria-label="" style="height: 14px; width: auto; fill: rgb(255, 204, 0);"><g clip-path="url(#3b8wbmf19a)" transform="translate(-202 -2221)"><g clip-path="url(#n79ah32ilb)" transform="translate(202 2221)"><g clip-path="url(#h1bi9j7dcc)" transform="translate(1.25 2.5)"><path stroke="#767676" stroke-miterlimit="5" d="m8.75 12.188-5.143 2.51.982-5.318L.43 5.614l5.75-.776L8.75 0l2.572 4.838 5.75.776L12.91 9.38l.982 5.318-5.143-2.51z"></path></g></g></g></svg><svg xmlns="http://www.w3.org/2000/svg" width="10" height="20" viewBox="0 0 10 20" class="oct-icon" aria-hidden="true" aria-label="" style="height: 14px; width: auto; fill: rgb(255, 204, 0);"><g clip-path="url(#7gjj25igta)" transform="translate(-232 -2221)"><g clip-path="url(#dvqif6313b)" transform="translate(232 2221)"><g clip-path="url(#6r7ozri4zc)" transform="translate(-8.75 2.5)"><path stroke="#767676" stroke-miterlimit="5" d="m8.75 12.188-5.143 2.51.982-5.318L.43 5.614l5.75-.776L8.75 0l2.572 4.838 5.75.776L12.91 9.38l.982 5.318-5.143-2.51z"></path></g></g></g></svg></span><span><svg xmlns="http://www.w3.org/2000/svg" width="10" height="20" viewBox="0 0 10 20" class="oct-icon" aria-hidden="true" aria-label="" style="height: 14px; width: auto; fill: rgb(255, 204, 0);"><g clip-path="url(#3b8wbmf19a)" transform="translate(-202 -2221)"><g clip-path="url(#n79ah32ilb)" transform="translate(202 2221)"><g clip-path="url(#h1bi9j7dcc)" transform="translate(1.25 2.5)"><path stroke="#767676" stroke-miterlimit="5" d="m8.75 12.188-5.143 2.51.982-5.318L.43 5.614l5.75-.776L8.75 0l2.572 4.838 5.75.776L12.91 9.38l.982 5.318-5.143-2.51z"></path></g></g></g></svg><svg xmlns="http://www.w3.org/2000/svg" width="10" height="20" viewBox="0 0 10 20" class="oct-icon" aria-hidden="true" aria-label="" style="height: 14px; width: auto; fill: rgb(255, 204, 0);"><g clip-path="url(#7gjj25igta)" transform="translate(-232 -2221)"><g clip-path="url(#dvqif6313b)" transform="translate(232 2221)"><g clip-path="url(#6r7ozri4zc)" transform="translate(-8.75 2.5)"><path stroke="#767676" stroke-miterlimit="5" d="m8.75 12.188-5.143 2.51.982-5.318L.43 5.614l5.75-.776L8.75 0l2.572 4.838 5.75.776L12.91 9.38l.982 5.318-5.143-2.51z"></path></g></g></g></svg></span><span><svg xmlns="http://www.w3.org/2000/svg" width="10" height="20" viewBox="0 0 10 20" class="oct-icon" aria-hidden="true" aria-label="" style="height: 14px; width: auto; fill: rgb(255, 204, 0);"><g clip-path="url(#3b8wbmf19a)" transform="translate(-202 -2221)"><g clip-path="url(#n79ah32ilb)" transform="translate(202 2221)"><g clip-path="url(#h1bi9j7dcc)" transform="translate(1.25 2.5)"><path stroke="#767676" stroke-miterlimit="5" d="m8.75 12.188-5.143 2.51.982-5.318L.43 5.614l5.75-.776L8.75 0l2.572 4.838 5.75.776L12.91 9.38l.982 5.318-5.143-2.51z"></path></g></g></g></svg><svg xmlns="http://www.w3.org/2000/svg" width="10" height="20" viewBox="0 0 10 20" class="oct-icon" aria-hidden="true" aria-label="" style="height: 14px; width: auto; fill: rgb(255, 204, 0);"><g clip-path="url(#7gjj25igta)" transform="translate(-232 -2221)"><g clip-path="url(#dvqif6313b)" transform="translate(232 2221)"><g clip-path="url(#6r7ozri4zc)" transform="translate(-8.75 2.5)"><path stroke="#767676" stroke-miterlimit="5" d="m8.75 12.188-5.143 2.51.982-5.318L.43 5.614l5.75-.776L8.75 0l2.572 4.838 5.75.776L12.91 9.38l.982 5.318-5.143-2.51z"></path></g></g></g></svg></span><span><svg xmlns="http://www.w3.org/2000/svg" width="10" height="20" viewBox="0 0 10 20" class="oct-icon" aria-hidden="true" aria-label="" style="height: 14px; width: auto; fill: rgb(255, 204, 0);"><g clip-path="url(#3b8wbmf19a)" transform="translate(-202 -2221)"><g clip-path="url(#n79ah32ilb)" transform="translate(202 2221)"><g clip-path="url(#h1bi9j7dcc)" transform="translate(1.25 2.5)"><path stroke="#767676" stroke-miterlimit="5" d="m8.75 12.188-5.143 2.51.982-5.318L.43 5.614l5.75-.776L8.75 0l2.572 4.838 5.75.776L12.91 9.38l.982 5.318-5.143-2.51z"></path></g></g></g></svg><svg xmlns="http://www.w3.org/2000/svg" width="10" height="20" viewBox="0 0 10 20" class="oct-icon" aria-hidden="true" aria-label="" style="height: 14px; width: auto; fill: rgb(255, 204, 0);"><g clip-path="url(#7gjj25igta)" transform="translate(-232 -2221)"><g clip-path="url(#dvqif6313b)" transform="translate(232 2221)"><g clip-path="url(#6r7ozri4zc)" transform="translate(-8.75 2.5)"><path stroke="#767676" stroke-miterlimit="5" d="m8.75 12.188-5.143 2.51.982-5.318L.43 5.614l5.75-.776L8.75 0l2.572 4.838 5.75.776L12.91 9.38l.982 5.318-5.143-2.51z"></path></g></g></g></svg></span></div><div class="oct-reviews__optionalText"><a href="https://www.boots.com/boots-skin-clear-with-salicylic-acid-blemish-stickers-23s-10361221#BVRRContainer" class="oct-link oct-link--theme-text oct-color--boots-blue oct-reviews__count" aria-label="5 stars out of 5. 1 reviews"><span class="oct-reviews__optionalTextCount">(1)</span></a></div></div></div><div class="oct-teaser__offer__container" aria-label=""><div class="oct-teaser__wrap"></div></div><div class="oct-teaser__price-wrapper oct-teaser__price-wrapper--current"><div class="oct-teaser__price-col1-wrapper"><p class="oct-text oct-text--standard oct-text--size_m oct-aem-text oct-aem-text--p--variant-subtext oct-teaser__productPrice" data-testid="text">£4.00</p><div class="oct-teaser__product-price-wrapper"></div></div></div><div class="oct-teaser__price-detail-wrapper"><p class="oct-text oct-text--standard oct-text--size_m oct-aem-text oct-aem-text--p--variant-subtext oct-teaser__productPriceDetail" data-testid="text">23UNI | £0.17 per 1UNI</p></div></div><div class="oct-teaser__calls-to-action oct-teaser__calls-to-action--two oct-teaser__calls-to-action--left"></div></div></div><div class="oct-teaser__foreground"><a href="https://www.boots.com/boots-skin-clear-with-salicylic-acid-blemish-stickers-23s-10361221" class="oct-link oct-link--theme-text oct-color--boots-blue oct-teaser-wrapper-link" tabindex="-1" aria-hidden="true" data-promo-creative="25% teaser" data-promo-position=""><div class="oct-image-link-wrapper"><img src="https://boots.scene7.com/is/image/Boots/10361221?op_sharpen=1" alt="Foreground image" class="oct-image oct-image--lazy" data-testid="lazy-image" decoding="async" loading="lazy"></div></a></div><div class="oct-teaser__calls-to-action oct-add-to-basket-callToAction oct-add-to-basket-callToAction--with-lister-basket"><div class="oct-add-to-basket"><div class="oct-input__iconContainer"><div></div><input type="hidden" class="oct-input" id="cmProductName_3102115" autocomplete="off" value="Boots Skin Clear with Salicylic Acid Blemish Stickers 23s (10361221.P)" style=""></div><div class="oct-input__iconContainer"><div></div><input type="hidden" class="oct-input" id="catalogEntry_ID" name="catalogEntry_ID" autocomplete="off" value="3102115" style=""></div><div class="oct-input__iconContainer"><div></div><input type="hidden" class="oct-input" id="dlProductId_3102115" name="dlProductId_3102115" autocomplete="off" value="10361221.P" style=""></div><div class="oct-input__iconContainer"><div></div><input type="hidden" class="oct-input" id="dlProductName_3102115" name="dlProductName_3102115" autocomplete="off" value="Boots Skin Clear with Salicylic Acid Blemish Stickers 23s" style=""></div><div class="oct-input__iconContainer"><div></div><input type="hidden" class="oct-input" id="dlParentCatentryID_10361221.P" name="dlParentCatentryID_10361221.P" autocomplete="off" value="3102115" style=""></div><div class="oct-input__iconContainer"><div></div><input type="hidden" class="oct-input" id="dlPackagePartNumber_3102115" name="dlPackagePartNumber_3102115" autocomplete="off" value="" style=""></div><div class="oct-add-to-basket__product_info-container"><div class="oct-add-to-basket__product_add noQuickBuy"><div class="oct-add-to-basket__quickBuySLPContainer quickBuySLPContainer"></div><div class="oct-add-to-basket__shopperActions shopperActions oct-add-to-basket__plp_shopperActions_redesign plp_shopperActions_redesign" id="shopperActionsRedesign3102115"><p class="oct-text oct-text--standard oct-text--size_m oct-aem-text oct-aem-text--p--variant-1 oct-add-to-basket__qty-errorMax qty_errorMax" data-testid="text" id="quantity_msg_3102115">Maximum quantity reached</p><div class="oct-add-to-basket__quantity-section quantity_section quantity_section_redesign" id="quantity_section_3102115"><button data-testid="button" class="oct-button oct-button--ellipses oct-button--cta oct-button--cta-default oct-button--cta-default-primaryTransparent oct-button--cta-default-responsive oct-aem-cta oct-add-to-basket__minus-quantity plus_quantity_disabled minus_quantity_redesign plus_quantity_disabled_redesign control-buttons oct-button--cta-midnight-blue-primary" to="" id="desreseQty_3102115" aria-label="Decrease Quantity Boots Skin Clear with Salicylic Acid Blemish Stickers 23s" aria-hidden="false" data-icon="–"><div class="oct-button__content"></div></button><div class="oct-input__iconContainer"><div></div><input type="text" class="oct-input oct-add-to-basket__quantity-input quantity_input quantity_input_redesign" aria-label="quantity" name="quantity_$3102115" id="quantity_3102115" readonly="" maxlength="2" tabindex="-1" value="1" style=""></div><button data-testid="button" class="oct-button oct-button--ellipses oct-button--cta oct-button--cta-default oct-button--cta-default-primaryTransparent oct-button--cta-default-responsive oct-aem-cta oct-add-to-basket__plus-quantity plus_quantity plus_quantity_redesign control-buttons oct-button--cta-midnight-blue-primary" to="" id="increseQty_3102115" aria-label="Increase Quantity Boots Skin Clear with Salicylic Acid Blemish Stickers 23s" aria-hidden="false" data-icon="+"><div class="oct-button__content"></div></button><div class="oct-add-to-basket__quantity-label quantity_label">in your basket</div></div><div class="oct-input__iconContainer"><div></div><input type="hidden" class="oct-input" name="freeGiftId_3102115" id="freeGiftId_3102115" value="" style=""></div><button data-testid="button" class="oct-button oct-button--ellipses oct-button--cta oct-button--cta-default oct-button--cta-default-primaryTransparent oct-button--cta-default-responsive oct-aem-cta oct-add-to-basket_button oct-button--cta-midnight-blue-primary" to="" id="add2CartBtn_3102115" eeindex="2" data-shop5="" aria-label="Add Boots Skin Clear with Salicylic Acid Blemish Stickers 23s to basket"><div class="oct-button__content"><span class="oct-add-to-basket_button_text button_text button_text_redesign">Add to basket</span></div></button><div class="oct-input__iconContainer"><div></div><input type="hidden" class="oct-input" id="lister_orderItemId_3102115" name="lister_orderItemId" value="" style=""></div><div class="oct-input__iconContainer"><div></div><input type="hidden" class="oct-input" id="lister_orderItemQty_3102115" name="lister_orderItemId" value="0" style=""></div><div class="oct-add-to-basket--overlay" data-testid="oct-add-to-basket"><div class="oct-add-to-basket__overlay-popup oct-overlay-popup" id="basket_confirmation_popup_overlay"></div><div id="basket_confirmation_overlay_3102115" class="oct-add-to-basket__overlay-popup__dialog" style="display: none;"><div class="oct-add-to-basket__overlay-focus" role="dialog" aria-labelledby="3102115-dialog-message"><p class="oct-text oct-text--standard oct-text--size_m oct-aem-text oct-aem-text--p--variant-1 oct-add-to-basket__text" data-testid="text" id="3102115-dialog-message">Are you sure you want to remove this product?</p><a class="oct-link oct-link--theme-text oct-color--boots-blue oct-add-to-basket__close-btn" tabindex="0" title="Close overlay" role="button" aria-label="Close overlay">x</a><div class="row"><button data-testid="button" class="oct-button oct-button--default oct-button--default-default oct-button--default-default-responsive oct-add-to-basket__button-secondary oct-add-to-basket__button button" role="button"><div class="oct-button__content">Yes</div></button><button data-testid="button" class="oct-button oct-button--default oct-button--default-default oct-button--default-default-responsive oct-add-to-basket__button-tertiary oct-add-to-basket__button button" role="button"><div class="oct-button__content">No</div></button></div></div></div></div></div></div></div><div id="entitledItem_3102115" style="display: none;">[ { "catentry_id" : 3102116, "Attributes" : { }, "ItemImage" :
          "/wcsstore/eBootsStorefrontAssetStore/images/NoImageIcon.jpg",
          "ItemImage467" :
          "/wcsstore/eBootsStorefrontAssetStore/images/NoImageIcon.jpg",
          "ItemThumbnailImage" :
          "/wcsstore/eBootsStorefrontAssetStore/images/NoImageIcon_sm.jpg" } ]</div></div></div></div></div></div><div data-testid="cell" class="oct-grid__cell oct-grid__cell--width-3 oct-grid__cell--small-6 oct-grid__cell--medium-small-4 oct-grid__cell--medium-4 oct-grid__cell--medium-large-4 oct-listers-hits__item hit oct-listers__item--with-inGrid" data-insights-position="9" data-insights-query-id="9e35482c34e960965eebfb9265ec00be" data-insights-object-id="3068115" data-productid="10355377.P"><div class="oct-teaser-wrapper oct-teaser-with-basket oct-teaser-with-basket--productTile oct-teaser-with-lister-basket oct-teaser--listers oct-teaser--listers-default"><div class="oct-teaser oct-teaser--theme-productTile oct-teaser--border" style="text-align: left;"><div class="oct-teaser__promotion-offer-roundel-wrapper"><div class="oct-teaser__promotion-offer-roundel-item oct-teaser__promotion-offer-roundel-item--offer" aria-label="Item on offer" role="img">Offer</div></div><div class="oct-add-to-favorites" tabindex="0" role="checkbox" aria-checked="false" aria-label="Add item to favourites"><span class="oct-add-to-favorites__icon"></span></div><div class="oct-teaser__contents oct-teaser__contents--only-foreground-image"><div class="oct-teaser__contents-panel oct-teaser__contents-panel"><div class="oct-teaser__contents-panel--main-content"><div><img src="data:image/svg+xml;base64,PHN2ZyB4bWxucz0iaHR0cDovL3d3dy53My5vcmcvMjAwMC9zdmciIHdpZHRoPSIzMjUiIGhlaWdodD0iMzI1Ij48cmVjdCB3aWR0aD0iMTAwJSIgaGVpZ2h0PSIxMDAlIiBzdHlsZT0iZmlsbDojZjJmMmYyIi8+PC9zdmc+" alt="test" class="oct-image oct-teaser__contents-panel__logo oct-teaser__contents-panel__logo--small oct-image--lazy" data-testid="lazy-image" decoding="async" loading="lazy"></div><a href="https://www.boots.com/clinique-moisture-surge--active-glow-serum-30ml-10355377" class="oct-link oct-link--theme-text oct-color--boots-blue oct-teaser__title-link" aria-label="" title="Clinique Moisture Surge™ Active Glow Serum 30ml"><h3 class="oct-text oct-text--standard oct-text--size_m oct-aem-text oct-aem-text--h3--variant-1 oct-teaser__subtitle" data-testid="text">none</h3><div><h3 class="oct-text oct-text--standard oct-text--size_m oct-aem-text oct-aem-text--h3--variant-2 oct-teaser__title oct-teaser-with-listers" data-testid="text">Clinique Moisture Surge™ Active Glow Serum 30ml</h3></div></a><div class="oct-reviews__reviews-container" aria-label=""><div class="oct-reviews"><div class="oct-reviews__icons" data-testid="reviews__icons"><span><svg xmlns="http://www.w3.org/2000/svg" width="10" height="20" viewBox="0 0 10 20" class="oct-icon" aria-hidden="true" aria-label="" style="height: 14px; width: auto; fill: rgb(255, 204, 0);"><g clip-path="url(#3b8wbmf19a)" transform="translate(-202 -2221)"><g clip-path="url(#n79ah32ilb)" transform="translate(202 2221)"><g clip-path="url(#h1bi9j7dcc)" transform="translate(1.25 2.5)"><path stroke="#767676" stroke-miterlimit="5" d="m8.75 12.188-5.143 2.51.982-5.318L.43 5.614l5.75-.776L8.75 0l2.572 4.838 5.75.776L12.91 9.38l.982 5.318-5.143-2.51z"></path></g></g></g></svg><svg xmlns="http://www.w3.org/2000/svg" width="10" height="20" viewBox="0 0 10 20" class="oct-icon" aria-hidden="true" aria-label="" style="height: 14px; width: auto; fill: rgb(255, 204, 0);"><g clip-path="url(#7gjj25igta)" transform="translate(-232 -2221)"><g clip-path="url(#dvqif6313b)" transform="translate(232 2221)"><g clip-path="url(#6r7ozri4zc)" transform="translate(-8.75 2.5)"><path stroke="#767676" stroke-miterlimit="5" d="m8.75 12.188-5.143 2.51.982-5.318L.43 5.614l5.75-.776L8.75 0l2.572 4.838 5.75.776L12.91 9.38l.982 5.318-5.143-2.51z"></path></g></g></g></svg></span><span><svg xmlns="http://www.w3.org/2000/svg" width="10" height="20" viewBox="0 0 10 20" class="oct-icon" aria-hidden="true" aria-label="" style="height: 14px; width: auto; fill: rgb(255, 204, 0);"><g clip-path="url(#3b8wbmf19a)" transform="translate(-202 -2221)"><g clip-path="url(#n79ah32ilb)" transform="translate(202 2221)"><g clip-path="url(#h1bi9j7dcc)" transform="translate(1.25 2.5)"><path stroke="#767676" stroke-miterlimit="5" d="m8.75 12.188-5.143 2.51.982-5.318L.43 5.614l5.75-.776L8.75 0l2.572 4.838 5.75.776L12.91 9.38l.982 5.318-5.143-2.51z"></path></g></g></g></svg><svg xmlns="http://www.w3.org/2000/svg" width="10" height="20" viewBox="0 0 10 20" class="oct-icon" aria-hidden="true" aria-label="" style="height: 14px; width: auto; fill: rgb(255, 204, 0);"><g clip-path="url(#7gjj25igta)" transform="translate(-232 -2221)"><g clip-path="url(#dvqif6313b)" transform="translate(232 2221)"><g clip-path="url(#6r7ozri4zc)" transform="translate(-8.75 2.5)"><path stroke="#767676" stroke-miterlimit="5" d="m8.75 12.188-5.143 2.51.982-5.318L.43 5.614l5.75-.776L8.75 0l2.572 4.838 5.75.776L12.91 9.38l.982 5.318-5.143-2.51z"></path></g></g></g></svg></span><span><svg xmlns="http://www.w3.org/2000/svg" width="10" height="20" viewBox="0 0 10 20" class="oct-icon" aria-hidden="true" aria-label="" style="height: 14px; width: auto; fill: rgb(255, 204, 0);"><g clip-path="url(#3b8wbmf19a)" transform="translate(-202 -2221)"><g clip-path="url(#n79ah32ilb)" transform="translate(202 2221)"><g clip-path="url(#h1bi9j7dcc)" transform="translate(1.25 2.5)"><path stroke="#767676" stroke-miterlimit="5" d="m8.75 12.188-5.143 2.51.982-5.318L.43 5.614l5.75-.776L8.75 0l2.572 4.838 5.75.776L12.91 9.38l.982 5.318-5.143-2.51z"></path></g></g></g></svg><svg xmlns="http://www.w3.org/2000/svg" width="10" height="20" viewBox="0 0 10 20" class="oct-icon" aria-hidden="true" aria-label="" style="height: 14px; width: auto; fill: rgb(255, 204, 0);"><g clip-path="url(#7gjj25igta)" transform="translate(-232 -2221)"><g clip-path="url(#dvqif6313b)" transform="translate(232 2221)"><g clip-path="url(#6r7ozri4zc)" transform="translate(-8.75 2.5)"><path stroke="#767676" stroke-miterlimit="5" d="m8.75 12.188-5.143 2.51.982-5.318L.43 5.614l5.75-.776L8.75 0l2.572 4.838 5.75.776L12.91 9.38l.982 5.318-5.143-2.51z"></path></g></g></g></svg></span><span><svg xmlns="http://www.w3.org/2000/svg" width="10" height="20" viewBox="0 0 10 20" class="oct-icon" aria-hidden="true" aria-label="" style="height: 14px; width: auto; fill: rgb(255, 204, 0);"><g clip-path="url(#3b8wbmf19a)" transform="translate(-202 -2221)"><g clip-path="url(#n79ah32ilb)" transform="translate(202 2221)"><g clip-path="url(#h1bi9j7dcc)" transform="translate(1.25 2.5)"><path stroke="#767676" stroke-miterlimit="5" d="m8.75 12.188-5.143 2.51.982-5.318L.43 5.614l5.75-.776L8.75 0l2.572 4.838 5.75.776L12.91 9.38l.982 5.318-5.143-2.51z"></path></g></g></g></svg><svg xmlns="http://www.w3.org/2000/svg" width="10" height="20" viewBox="0 0 10 20" class="oct-icon" aria-hidden="true" aria-label="" style="height: 14px; width: auto; fill: rgb(255, 204, 0);"><g clip-path="url(#7gjj25igta)" transform="translate(-232 -2221)"><g clip-path="url(#dvqif6313b)" transform="translate(232 2221)"><g clip-path="url(#6r7ozri4zc)" transform="translate(-8.75 2.5)"><path stroke="#767676" stroke-miterlimit="5" d="m8.75 12.188-5.143 2.51.982-5.318L.43 5.614l5.75-.776L8.75 0l2.572 4.838 5.75.776L12.91 9.38l.982 5.318-5.143-2.51z"></path></g></g></g></svg></span><span><svg xmlns="http://www.w3.org/2000/svg" width="10" height="20" viewBox="0 0 10 20" class="oct-icon" aria-hidden="true" aria-label="" style="height: 14px; width: auto; fill: rgb(255, 204, 0);"><g clip-path="url(#3b8wbmf19a)" transform="translate(-202 -2221)"><g clip-path="url(#n79ah32ilb)" transform="translate(202 2221)"><g clip-path="url(#h1bi9j7dcc)" transform="translate(1.25 2.5)"><path stroke="#767676" stroke-miterlimit="5" d="m8.75 12.188-5.143 2.51.982-5.318L.43 5.614l5.75-.776L8.75 0l2.572 4.838 5.75.776L12.91 9.38l.982 5.318-5.143-2.51z"></path></g></g></g></svg><svg xmlns="http://www.w3.org/2000/svg" width="10" height="20" viewBox="0 0 10 20" class="oct-icon" aria-hidden="true" aria-label="" style="height: 14px; width: auto; fill: rgb(255, 204, 0);"><g clip-path="url(#7gjj25igta)" transform="translate(-232 -2221)"><g clip-path="url(#dvqif6313b)" transform="translate(232 2221)"><g clip-path="url(#6r7ozri4zc)" transform="translate(-8.75 2.5)"><path stroke="#767676" stroke-miterlimit="5" d="m8.75 12.188-5.143 2.51.982-5.318L.43 5.614l5.75-.776L8.75 0l2.572 4.838 5.75.776L12.91 9.38l.982 5.318-5.143-2.51z"></path></g></g></g></svg></span></div><div class="oct-reviews__optionalText"><a href="https://www.boots.com/clinique-moisture-surge--active-glow-serum-30ml-10355377#BVRRContainer" class="oct-link oct-link--theme-text oct-color--boots-blue oct-reviews__count" aria-label="5 stars out of 5. 3 reviews"><span class="oct-reviews__optionalTextCount">(3)</span></a></div></div></div><div class="oct-teaser__offer__container" aria-label=""><div class="oct-teaser__wrap"><button data-testid="button" class="oct-button oct-button--ellipses oct-button--cta oct-button--cta-default oct-button--cta-default-responsive oct-teaser__offer oct-teaser__offer--isAvailable oct-button--cta-custom" aria-label="Free Gift when you spend £55 on selected Clinique - online only, whilst stocks last"><div class="oct-button__content">Free Gift when you spend £55 on selected Clinique - online only, whilst stocks last</div></button></div></div><div class="oct-teaser__price-wrapper oct-teaser__price-wrapper--current"><div class="oct-teaser__price-col1-wrapper"><p class="oct-text oct-text--standard oct-text--size_m oct-aem-text oct-aem-text--p--variant-subtext oct-teaser__productPrice" data-testid="text">£44.00</p><div class="oct-teaser__product-price-wrapper"></div></div></div><div class="oct-teaser__price-detail-wrapper"><p class="oct-text oct-text--standard oct-text--size_m oct-aem-text oct-aem-text--p--variant-subtext oct-teaser__productPriceDetail" data-testid="text">30ML | £146.67 per 100ML</p></div></div><div class="oct-teaser__calls-to-action oct-teaser__calls-to-action--two oct-teaser__calls-to-action--left"></div></div></div><div class="oct-teaser__foreground"><a href="https://www.boots.com/clinique-moisture-surge--active-glow-serum-30ml-10355377" class="oct-link oct-link--theme-text oct-color--boots-blue oct-teaser-wrapper-link" tabindex="-1" aria-hidden="true" data-promo-creative="25% teaser" data-promo-position=""><div class="oct-image-link-wrapper"><img src="https://boots.scene7.com/is/image/Boots/10355377?op_sharpen=1" alt="Foreground image" class="oct-image oct-image--lazy" data-testid="lazy-image" decoding="async" loading="lazy"></div></a></div><div class="oct-teaser__calls-to-action oct-add-to-basket-callToAction oct-add-to-basket-callToAction--with-lister-basket"><div class="oct-add-to-basket"><div class="oct-input__iconContainer"><div></div><input type="hidden" class="oct-input" id="cmProductName_3068114" autocomplete="off" value="Clinique Moisture Surge™ Active Glow Serum 30ml (10355377.P)" style=""></div><div class="oct-input__iconContainer"><div></div><input type="hidden" class="oct-input" id="catalogEntry_ID" name="catalogEntry_ID" autocomplete="off" value="3068114" style=""></div><div class="oct-input__iconContainer"><div></div><input type="hidden" class="oct-input" id="dlProductId_3068114" name="dlProductId_3068114" autocomplete="off" value="10355377.P" style=""></div><div class="oct-input__iconContainer"><div></div><input type="hidden" class="oct-input" id="dlProductName_3068114" name="dlProductName_3068114" autocomplete="off" value="Clinique Moisture Surge™ Active Glow Serum 30ml" style=""></div><div class="oct-input__iconContainer"><div></div><input type="hidden" class="oct-input" id="dlParentCatentryID_10355377.P" name="dlParentCatentryID_10355377.P" autocomplete="off" value="3068114" style=""></div><div class="oct-input__iconContainer"><div></div><input type="hidden" class="oct-input" id="dlPackagePartNumber_3068114" name="dlPackagePartNumber_3068114" autocomplete="off" value="" style=""></div><div class="oct-add-to-basket__product_info-container"><div class="oct-add-to-basket__product_add noQuickBuy"><div class="oct-add-to-basket__quickBuySLPContainer quickBuySLPContainer"></div><div class="oct-add-to-basket__shopperActions shopperActions oct-add-to-basket__plp_shopperActions_redesign plp_shopperActions_redesign" id="shopperActionsRedesign3068114"><p class="oct-text oct-text--standard oct-text--size_m oct-aem-text oct-aem-text--p--variant-1 oct-add-to-basket__qty-errorMax qty_errorMax" data-testid="text" id="quantity_msg_3068114">Maximum quantity reached</p><div class="oct-add-to-basket__quantity-section quantity_section quantity_section_redesign" id="quantity_section_3068114"><button data-testid="button" class="oct-button oct-button--ellipses oct-button--cta oct-button--cta-default oct-button--cta-default-primaryTransparent oct-button--cta-default-responsive oct-aem-cta oct-add-to-basket__minus-quantity plus_quantity_disabled minus_quantity_redesign plus_quantity_disabled_redesign control-buttons oct-button--cta-midnight-blue-primary" to="" id="desreseQty_3068114" aria-label="Decrease Quantity Clinique Moisture Surge™ Active Glow Serum 30ml" aria-hidden="false" data-icon="–"><div class="oct-button__content"></div></button><div class="oct-input__iconContainer"><div></div><input type="text" class="oct-input oct-add-to-basket__quantity-input quantity_input quantity_input_redesign" aria-label="quantity" name="quantity_$3068114" id="quantity_3068114" readonly="" maxlength="2" tabindex="-1" value="1" style=""></div><button data-testid="button" class="oct-button oct-button--ellipses oct-button--cta oct-button--cta-default oct-button--cta-default-primaryTransparent oct-button--cta-default-responsive oct-aem-cta oct-add-to-basket__plus-quantity plus_quantity plus_quantity_redesign control-buttons oct-button--cta-midnight-blue-primary" to="" id="increseQty_3068114" aria-label="Increase Quantity Clinique Moisture Surge™ Active Glow Serum 30ml" aria-hidden="false" data-icon="+"><div class="oct-button__content"></div></button><div class="oct-add-to-basket__quantity-label quantity_label">in your basket</div></div><div class="oct-input__iconContainer"><div></div><input type="hidden" class="oct-input" name="freeGiftId_3068114" id="freeGiftId_3068114" value="" style=""></div><button data-testid="button" class="oct-button oct-button--ellipses oct-button--cta oct-button--cta-default oct-button--cta-default-primaryTransparent oct-button--cta-default-responsive oct-aem-cta oct-add-to-basket_button oct-button--cta-midnight-blue-primary" to="" id="add2CartBtn_3068114" eeindex="2" data-shop5="" aria-label="Add Clinique Moisture Surge™ Active Glow Serum 30ml to basket"><div class="oct-button__content"><span class="oct-add-to-basket_button_text button_text button_text_redesign">Add to basket</span></div></button><div class="oct-input__iconContainer"><div></div><input type="hidden" class="oct-input" id="lister_orderItemId_3068114" name="lister_orderItemId" value="" style=""></div><div class="oct-input__iconContainer"><div></div><input type="hidden" class="oct-input" id="lister_orderItemQty_3068114" name="lister_orderItemId" value="0" style=""></div><div class="oct-add-to-basket--overlay" data-testid="oct-add-to-basket"><div class="oct-add-to-basket__overlay-popup oct-overlay-popup" id="basket_confirmation_popup_overlay"></div><div id="basket_confirmation_overlay_3068114" class="oct-add-to-basket__overlay-popup__dialog" style="display: none;"><div class="oct-add-to-basket__overlay-focus" role="dialog" aria-labelledby="3068114-dialog-message"><p class="oct-text oct-text--standard oct-text--size_m oct-aem-text oct-aem-text--p--variant-1 oct-add-to-basket__text" data-testid="text" id="3068114-dialog-message">Are you sure you want to remove this product?</p><a class="oct-link oct-link--theme-text oct-color--boots-blue oct-add-to-basket__close-btn" tabindex="0" title="Close overlay" role="button" aria-label="Close overlay">x</a><div class="row"><button data-testid="button" class="oct-button oct-button--default oct-button--default-default oct-button--default-default-responsive oct-add-to-basket__button-secondary oct-add-to-basket__button button" role="button"><div class="oct-button__content">Yes</div></button><button data-testid="button" class="oct-button oct-button--default oct-button--default-default oct-button--default-default-responsive oct-add-to-basket__button-tertiary oct-add-to-basket__button button" role="button"><div class="oct-button__content">No</div></button></div></div></div></div></div></div></div><div id="entitledItem_3068114" style="display: none;">[ { "catentry_id" : 3068115, "Attributes" : { }, "ItemImage" :
          "/wcsstore/eBootsStorefrontAssetStore/images/NoImageIcon.jpg",
          "ItemImage467" :
          "/wcsstore/eBootsStorefrontAssetStore/images/NoImageIcon.jpg",
          "ItemThumbnailImage" :
          "/wcsstore/eBootsStorefrontAssetStore/images/NoImageIcon_sm.jpg" } ]</div></div></div></div></div></div><div data-testid="cell" class="oct-grid__cell oct-grid__cell--width-3 oct-grid__cell--small-6 oct-grid__cell--medium-small-4 oct-grid__cell--medium-4 oct-grid__cell--medium-large-4 oct-listers-hits__item hit oct-listers__item--with-inGrid" data-insights-position="10" data-insights-query-id="9e35482c34e960965eebfb9265ec00be" data-insights-object-id="3083737" data-productid="10359099.P"><div class="oct-teaser-wrapper oct-teaser-with-basket oct-teaser-with-basket--productTile oct-teaser-with-lister-basket oct-teaser--listers oct-teaser--listers-default"><div class="oct-teaser oct-teaser--theme-productTile oct-teaser--border" style="text-align: left;"><div class="oct-teaser__promotion-offer-roundel-wrapper"><div class="oct-teaser__promotion-offer-roundel-item oct-teaser__promotion-offer-roundel-item--offer" aria-label="Item on offer" role="img">Offer</div></div><div class="oct-add-to-favorites" tabindex="0" role="checkbox" aria-checked="false" aria-label="Add item to favourites"><span class="oct-add-to-favorites__icon"></span></div><div class="oct-teaser__contents oct-teaser__contents--only-foreground-image"><div class="oct-teaser__contents-panel oct-teaser__contents-panel"><div class="oct-teaser__contents-panel--main-content"><div><img src="data:image/svg+xml;base64,PHN2ZyB4bWxucz0iaHR0cDovL3d3dy53My5vcmcvMjAwMC9zdmciIHdpZHRoPSIzMjUiIGhlaWdodD0iMzI1Ij48cmVjdCB3aWR0aD0iMTAwJSIgaGVpZ2h0PSIxMDAlIiBzdHlsZT0iZmlsbDojZjJmMmYyIi8+PC9zdmc+" alt="test" class="oct-image oct-teaser__contents-panel__logo oct-teaser__contents-panel__logo--small oct-image--lazy" data-testid="lazy-image" decoding="async" loading="lazy"></div><a href="https://www.boots.com/ted-baker-thanks-a-bunch-bath-and-body-gift-set-10359099" class="oct-link oct-link--theme-text oct-color--boots-blue oct-teaser__title-link" aria-label="" title="Ted Baker Thanks A Bunch Bath &amp; Body Gift Set"><h3 class="oct-text oct-text--standard oct-text--size_m oct-aem-text oct-aem-text--h3--variant-1 oct-teaser__subtitle" data-testid="text">none</h3><div><h3 class="oct-text oct-text--standard oct-text--size_m oct-aem-text oct-aem-text--h3--variant-2 oct-teaser__title oct-teaser-with-listers" data-testid="text">Ted Baker Thanks A Bunch Bath &amp; Body Gift Set</h3></div></a><div class="oct-reviews__reviews-container" aria-label=""><div class="oct-reviews"><div class="oct-reviews__icons" data-testid="reviews__icons"><span><svg xmlns="http://www.w3.org/2000/svg" width="10" height="20" viewBox="0 0 10 20" class="oct-icon" aria-hidden="true" aria-label="" style="height: 14px; width: auto; fill: rgb(255, 204, 0);"><g clip-path="url(#3b8wbmf19a)" transform="translate(-202 -2221)"><g clip-path="url(#n79ah32ilb)" transform="translate(202 2221)"><g clip-path="url(#h1bi9j7dcc)" transform="translate(1.25 2.5)"><path stroke="#767676" stroke-miterlimit="5" d="m8.75 12.188-5.143 2.51.982-5.318L.43 5.614l5.75-.776L8.75 0l2.572 4.838 5.75.776L12.91 9.38l.982 5.318-5.143-2.51z"></path></g></g></g></svg><svg xmlns="http://www.w3.org/2000/svg" width="10" height="20" viewBox="0 0 10 20" class="oct-icon" aria-hidden="true" aria-label="" style="height: 14px; width: auto; fill: rgb(255, 204, 0);"><g clip-path="url(#7gjj25igta)" transform="translate(-232 -2221)"><g clip-path="url(#dvqif6313b)" transform="translate(232 2221)"><g clip-path="url(#6r7ozri4zc)" transform="translate(-8.75 2.5)"><path stroke="#767676" stroke-miterlimit="5" d="m8.75 12.188-5.143 2.51.982-5.318L.43 5.614l5.75-.776L8.75 0l2.572 4.838 5.75.776L12.91 9.38l.982 5.318-5.143-2.51z"></path></g></g></g></svg></span><span><svg xmlns="http://www.w3.org/2000/svg" width="10" height="20" viewBox="0 0 10 20" class="oct-icon" aria-hidden="true" aria-label="" style="height: 14px; width: auto; fill: rgb(255, 204, 0);"><g clip-path="url(#3b8wbmf19a)" transform="translate(-202 -2221)"><g clip-path="url(#n79ah32ilb)" transform="translate(202 2221)"><g clip-path="url(#h1bi9j7dcc)" transform="translate(1.25 2.5)"><path stroke="#767676" stroke-miterlimit="5" d="m8.75 12.188-5.143 2.51.982-5.318L.43 5.614l5.75-.776L8.75 0l2.572 4.838 5.75.776L12.91 9.38l.982 5.318-5.143-2.51z"></path></g></g></g></svg><svg xmlns="http://www.w3.org/2000/svg" width="10" height="20" viewBox="0 0 10 20" class="oct-icon" aria-hidden="true" aria-label="" style="height: 14px; width: auto; fill: rgb(255, 204, 0);"><g clip-path="url(#7gjj25igta)" transform="translate(-232 -2221)"><g clip-path="url(#dvqif6313b)" transform="translate(232 2221)"><g clip-path="url(#6r7ozri4zc)" transform="translate(-8.75 2.5)"><path stroke="#767676" stroke-miterlimit="5" d="m8.75 12.188-5.143 2.51.982-5.318L.43 5.614l5.75-.776L8.75 0l2.572 4.838 5.75.776L12.91 9.38l.982 5.318-5.143-2.51z"></path></g></g></g></svg></span><span><svg xmlns="http://www.w3.org/2000/svg" width="10" height="20" viewBox="0 0 10 20" class="oct-icon" aria-hidden="true" aria-label="" style="height: 14px; width: auto; fill: rgb(255, 204, 0);"><g clip-path="url(#3b8wbmf19a)" transform="translate(-202 -2221)"><g clip-path="url(#n79ah32ilb)" transform="translate(202 2221)"><g clip-path="url(#h1bi9j7dcc)" transform="translate(1.25 2.5)"><path stroke="#767676" stroke-miterlimit="5" d="m8.75 12.188-5.143 2.51.982-5.318L.43 5.614l5.75-.776L8.75 0l2.572 4.838 5.75.776L12.91 9.38l.982 5.318-5.143-2.51z"></path></g></g></g></svg><svg xmlns="http://www.w3.org/2000/svg" width="10" height="20" viewBox="0 0 10 20" class="oct-icon" aria-hidden="true" aria-label="" style="height: 14px; width: auto; fill: rgb(255, 204, 0);"><g clip-path="url(#7gjj25igta)" transform="translate(-232 -2221)"><g clip-path="url(#dvqif6313b)" transform="translate(232 2221)"><g clip-path="url(#6r7ozri4zc)" transform="translate(-8.75 2.5)"><path stroke="#767676" stroke-miterlimit="5" d="m8.75 12.188-5.143 2.51.982-5.318L.43 5.614l5.75-.776L8.75 0l2.572 4.838 5.75.776L12.91 9.38l.982 5.318-5.143-2.51z"></path></g></g></g></svg></span><span><svg xmlns="http://www.w3.org/2000/svg" width="10" height="20" viewBox="0 0 10 20" class="oct-icon" aria-hidden="true" aria-label="" style="height: 14px; width: auto; fill: rgb(255, 204, 0);"><g clip-path="url(#3b8wbmf19a)" transform="translate(-202 -2221)"><g clip-path="url(#n79ah32ilb)" transform="translate(202 2221)"><g clip-path="url(#h1bi9j7dcc)" transform="translate(1.25 2.5)"><path stroke="#767676" stroke-miterlimit="5" d="m8.75 12.188-5.143 2.51.982-5.318L.43 5.614l5.75-.776L8.75 0l2.572 4.838 5.75.776L12.91 9.38l.982 5.318-5.143-2.51z"></path></g></g></g></svg><svg xmlns="http://www.w3.org/2000/svg" width="10" height="20" viewBox="0 0 10 20" class="oct-icon" aria-hidden="true" aria-label="" style="height: 14px; width: auto; fill: rgb(255, 204, 0);"><g clip-path="url(#7gjj25igta)" transform="translate(-232 -2221)"><g clip-path="url(#dvqif6313b)" transform="translate(232 2221)"><g clip-path="url(#6r7ozri4zc)" transform="translate(-8.75 2.5)"><path stroke="#767676" stroke-miterlimit="5" d="m8.75 12.188-5.143 2.51.982-5.318L.43 5.614l5.75-.776L8.75 0l2.572 4.838 5.75.776L12.91 9.38l.982 5.318-5.143-2.51z"></path></g></g></g></svg></span><span><svg xmlns="http://www.w3.org/2000/svg" width="10" height="20" viewBox="0 0 10 20" class="oct-icon" aria-hidden="true" aria-label="" style="height: 14px; width: auto; fill: rgb(255, 204, 0);"><g clip-path="url(#3b8wbmf19a)" transform="translate(-202 -2221)"><g clip-path="url(#n79ah32ilb)" transform="translate(202 2221)"><g clip-path="url(#h1bi9j7dcc)" transform="translate(1.25 2.5)"><path stroke="#767676" stroke-miterlimit="5" d="m8.75 12.188-5.143 2.51.982-5.318L.43 5.614l5.75-.776L8.75 0l2.572 4.838 5.75.776L12.91 9.38l.982 5.318-5.143-2.51z"></path></g></g></g></svg><svg xmlns="http://www.w3.org/2000/svg" width="10" height="20" viewBox="0 0 10 20" class="oct-icon" aria-hidden="true" aria-label="" style="height: 14px; width: auto; fill: rgb(255, 204, 0);"><g clip-path="url(#7gjj25igta)" transform="translate(-232 -2221)"><g clip-path="url(#dvqif6313b)" transform="translate(232 2221)"><g clip-path="url(#6r7ozri4zc)" transform="translate(-8.75 2.5)"><path stroke="#767676" stroke-miterlimit="5" d="m8.75 12.188-5.143 2.51.982-5.318L.43 5.614l5.75-.776L8.75 0l2.572 4.838 5.75.776L12.91 9.38l.982 5.318-5.143-2.51z"></path></g></g></g></svg></span></div><div class="oct-reviews__optionalText"><a href="https://www.boots.com/ted-baker-thanks-a-bunch-bath-and-body-gift-set-10359099#BVRRContainer" class="oct-link oct-link--theme-text oct-color--boots-blue oct-reviews__count" aria-label="5 stars out of 5. 2 reviews"><span class="oct-reviews__optionalTextCount">(2)</span></a></div></div></div><div class="oct-teaser__offer__container" aria-label=""><div class="oct-teaser__wrap"><button data-testid="button" class="oct-button oct-button--ellipses oct-button--cta oct-button--cta-default oct-button--cta-default-responsive oct-teaser__offer oct-teaser__offer--isAvailable oct-button--cta-custom" aria-label="Great Savings on Mother's Day gifts"><div class="oct-button__content">Great Savings on Mother's Day gifts</div></button></div></div><div class="oct-teaser__price-wrapper oct-teaser__price-wrapper--saving oct-teaser__price-wrapper--current"><div class="oct-teaser__price-col1-wrapper"><p class="oct-text oct-text--standard oct-text--size_m oct-aem-text oct-aem-text--p--variant-subtext oct-teaser__productPrice" data-testid="text">£20.00</p><div class="oct-teaser__product-price-wrapper"><p class="oct-text oct-text--standard oct-text--size_m oct-aem-text oct-aem-text--p--variant-subtext oct-teaser__productPriceSave" data-testid="text">Save £10.00</p></div><p class="oct-text oct-text--standard oct-text--size_m oct-aem-text oct-aem-text--p--variant-subtext oct-teaser__productPriceWas" data-testid="text">Was £30.00</p></div></div><div class="oct-teaser__price-detail-wrapper"><p class="oct-text oct-text--standard oct-text--size_m oct-aem-text oct-aem-text--p--variant-subtext oct-teaser__productPriceDetail" data-testid="text"></p></div></div><div class="oct-teaser__calls-to-action oct-teaser__calls-to-action--two oct-teaser__calls-to-action--left"></div></div></div><div class="oct-teaser__foreground"><a href="https://www.boots.com/ted-baker-thanks-a-bunch-bath-and-body-gift-set-10359099" class="oct-link oct-link--theme-text oct-color--boots-blue oct-teaser-wrapper-link" tabindex="-1" aria-hidden="true" data-promo-creative="25% teaser" data-promo-position=""><div class="oct-image-link-wrapper"><img src="https://boots.scene7.com/is/image/Boots/10359099?op_sharpen=1" alt="Foreground image" class="oct-image oct-image--lazy" data-testid="lazy-image" decoding="async" loading="lazy"></div></a></div><div class="oct-teaser__calls-to-action oct-add-to-basket-callToAction oct-add-to-basket-callToAction--with-lister-basket"><div class="oct-add-to-basket"><div class="oct-input__iconContainer"><div></div><input type="hidden" class="oct-input" id="cmProductName_3083736" autocomplete="off" value="Ted Baker Thanks A Bunch Bath &amp; Body Gift Set (10359099.P)" style=""></div><div class="oct-input__iconContainer"><div></div><input type="hidden" class="oct-input" id="catalogEntry_ID" name="catalogEntry_ID" autocomplete="off" value="3083736" style=""></div><div class="oct-input__iconContainer"><div></div><input type="hidden" class="oct-input" id="dlProductId_3083736" name="dlProductId_3083736" autocomplete="off" value="10359099.P" style=""></div><div class="oct-input__iconContainer"><div></div><input type="hidden" class="oct-input" id="dlProductName_3083736" name="dlProductName_3083736" autocomplete="off" value="Ted Baker Thanks A Bunch Bath &amp; Body Gift Set" style=""></div><div class="oct-input__iconContainer"><div></div><input type="hidden" class="oct-input" id="dlParentCatentryID_10359099.P" name="dlParentCatentryID_10359099.P" autocomplete="off" value="3083736" style=""></div><div class="oct-input__iconContainer"><div></div><input type="hidden" class="oct-input" id="dlPackagePartNumber_3083736" name="dlPackagePartNumber_3083736" autocomplete="off" value="" style=""></div><div class="oct-add-to-basket__product_info-container"><div class="oct-add-to-basket__product_add noQuickBuy"><div class="oct-add-to-basket__quickBuySLPContainer quickBuySLPContainer"></div><div class="oct-add-to-basket__shopperActions shopperActions oct-add-to-basket__plp_shopperActions_redesign plp_shopperActions_redesign" id="shopperActionsRedesign3083736"><p class="oct-text oct-text--standard oct-text--size_m oct-aem-text oct-aem-text--p--variant-1 oct-add-to-basket__qty-errorMax qty_errorMax" data-testid="text" id="quantity_msg_3083736">Maximum quantity reached</p><div class="oct-add-to-basket__quantity-section quantity_section quantity_section_redesign" id="quantity_section_3083736"><button data-testid="button" class="oct-button oct-button--ellipses oct-button--cta oct-button--cta-default oct-button--cta-default-primaryTransparent oct-button--cta-default-responsive oct-aem-cta oct-add-to-basket__minus-quantity plus_quantity_disabled minus_quantity_redesign plus_quantity_disabled_redesign control-buttons oct-button--cta-midnight-blue-primary" to="" id="desreseQty_3083736" aria-label="Decrease Quantity Ted Baker Thanks A Bunch Bath &amp; Body Gift Set" aria-hidden="false" data-icon="–"><div class="oct-button__content"></div></button><div class="oct-input__iconContainer"><div></div><input type="text" class="oct-input oct-add-to-basket__quantity-input quantity_input quantity_input_redesign" aria-label="quantity" name="quantity_$3083736" id="quantity_3083736" readonly="" maxlength="2" tabindex="-1" value="1" style=""></div><button data-testid="button" class="oct-button oct-button--ellipses oct-button--cta oct-button--cta-default oct-button--cta-default-primaryTransparent oct-button--cta-default-responsive oct-aem-cta oct-add-to-basket__plus-quantity plus_quantity plus_quantity_redesign control-buttons oct-button--cta-midnight-blue-primary" to="" id="increseQty_3083736" aria-label="Increase Quantity Ted Baker Thanks A Bunch Bath &amp; Body Gift Set" aria-hidden="false" data-icon="+"><div class="oct-button__content"></div></button><div class="oct-add-to-basket__quantity-label quantity_label">in your basket</div></div><div class="oct-input__iconContainer"><div></div><input type="hidden" class="oct-input" name="freeGiftId_3083736" id="freeGiftId_3083736" value="" style=""></div><button data-testid="button" class="oct-button oct-button--ellipses oct-button--cta oct-button--cta-default oct-button--cta-default-primaryTransparent oct-button--cta-default-responsive oct-aem-cta oct-add-to-basket_button oct-button--cta-midnight-blue-primary" to="" id="add2CartBtn_3083736" eeindex="2" data-shop5="" aria-label="Add Ted Baker Thanks A Bunch Bath &amp; Body Gift Set to basket"><div class="oct-button__content"><span class="oct-add-to-basket_button_text button_text button_text_redesign">Add to basket</span></div></button><div class="oct-input__iconContainer"><div></div><input type="hidden" class="oct-input" id="lister_orderItemId_3083736" name="lister_orderItemId" value="" style=""></div><div class="oct-input__iconContainer"><div></div><input type="hidden" class="oct-input" id="lister_orderItemQty_3083736" name="lister_orderItemId" value="0" style=""></div><div class="oct-add-to-basket--overlay" data-testid="oct-add-to-basket"><div class="oct-add-to-basket__overlay-popup oct-overlay-popup" id="basket_confirmation_popup_overlay"></div><div id="basket_confirmation_overlay_3083736" class="oct-add-to-basket__overlay-popup__dialog" style="display: none;"><div class="oct-add-to-basket__overlay-focus" role="dialog" aria-labelledby="3083736-dialog-message"><p class="oct-text oct-text--standard oct-text--size_m oct-aem-text oct-aem-text--p--variant-1 oct-add-to-basket__text" data-testid="text" id="3083736-dialog-message">Are you sure you want to remove this product?</p><a class="oct-link oct-link--theme-text oct-color--boots-blue oct-add-to-basket__close-btn" tabindex="0" title="Close overlay" role="button" aria-label="Close overlay">x</a><div class="row"><button data-testid="button" class="oct-button oct-button--default oct-button--default-default oct-button--default-default-responsive oct-add-to-basket__button-secondary oct-add-to-basket__button button" role="button"><div class="oct-button__content">Yes</div></button><button data-testid="button" class="oct-button oct-button--default oct-button--default-default oct-button--default-default-responsive oct-add-to-basket__button-tertiary oct-add-to-basket__button button" role="button"><div class="oct-button__content">No</div></button></div></div></div></div></div></div></div><div id="entitledItem_3083736" style="display: none;">[ { "catentry_id" : 3083737, "Attributes" : { }, "ItemImage" :
          "/wcsstore/eBootsStorefrontAssetStore/images/NoImageIcon.jpg",
          "ItemImage467" :
          "/wcsstore/eBootsStorefrontAssetStore/images/NoImageIcon.jpg",
          "ItemThumbnailImage" :
          "/wcsstore/eBootsStorefrontAssetStore/images/NoImageIcon_sm.jpg" } ]</div></div></div></div></div></div><div data-testid="cell" class="oct-grid__cell oct-grid__cell--width-3 oct-grid__cell--small-6 oct-grid__cell--medium-small-4 oct-grid__cell--medium-4 oct-grid__cell--medium-large-4 oct-listers-hits__item hit oct-listers__item--with-inGrid" data-insights-position="11" data-insights-query-id="9e35482c34e960965eebfb9265ec00be" data-insights-object-id="3031667" data-productid="10352041.P"><div class="oct-teaser-wrapper oct-teaser-with-basket oct-teaser-with-basket--productTile oct-teaser-with-lister-basket oct-teaser--listers oct-teaser--listers-default"><div class="oct-teaser oct-teaser--theme-productTile oct-teaser--border" style="text-align: left;"><div class="oct-teaser__promotion-offer-roundel-wrapper"><div class="oct-teaser__promotion-offer-roundel-item oct-teaser__promotion-offer-roundel-item--offer" aria-label="Item on offer" role="img">Offer</div></div><div class="oct-add-to-favorites" tabindex="0" role="checkbox" aria-checked="false" aria-label="Add item to favourites"><span class="oct-add-to-favorites__icon"></span></div><div class="oct-teaser__contents oct-teaser__contents--only-foreground-image"><div class="oct-teaser__contents-panel oct-teaser__contents-panel"><div class="oct-teaser__contents-panel--main-content"><div><img src="data:image/svg+xml;base64,PHN2ZyB4bWxucz0iaHR0cDovL3d3dy53My5vcmcvMjAwMC9zdmciIHdpZHRoPSIzMjUiIGhlaWdodD0iMzI1Ij48cmVjdCB3aWR0aD0iMTAwJSIgaGVpZ2h0PSIxMDAlIiBzdHlsZT0iZmlsbDojZjJmMmYyIi8+PC9zdmc+" alt="test" class="oct-image oct-teaser__contents-panel__logo oct-teaser__contents-panel__logo--small oct-image--lazy" data-testid="lazy-image" decoding="async" loading="lazy"></div><a href="https://www.boots.com/anua-heartleaf-clear-toner-pads-160ml-10352041" class="oct-link oct-link--theme-text oct-color--boots-blue oct-teaser__title-link" aria-label="" title="Anua Heartleaf 77% Clear Toner Pads 160ml"><h3 class="oct-text oct-text--standard oct-text--size_m oct-aem-text oct-aem-text--h3--variant-1 oct-teaser__subtitle" data-testid="text">none</h3><div><h3 class="oct-text oct-text--standard oct-text--size_m oct-aem-text oct-aem-text--h3--variant-2 oct-teaser__title oct-teaser-with-listers" data-testid="text">Anua Heartleaf 77% Clear Toner Pads 160ml</h3></div></a><div class="oct-reviews__reviews-container" aria-label=""><div class="oct-reviews"><div class="oct-reviews__icons" data-testid="reviews__icons"><span><svg xmlns="http://www.w3.org/2000/svg" width="10" height="20" viewBox="0 0 10 20" class="oct-icon" aria-hidden="true" aria-label="" style="height: 14px; width: auto; fill: rgb(255, 204, 0);"><g clip-path="url(#3b8wbmf19a)" transform="translate(-202 -2221)"><g clip-path="url(#n79ah32ilb)" transform="translate(202 2221)"><g clip-path="url(#h1bi9j7dcc)" transform="translate(1.25 2.5)"><path stroke="#767676" stroke-miterlimit="5" d="m8.75 12.188-5.143 2.51.982-5.318L.43 5.614l5.75-.776L8.75 0l2.572 4.838 5.75.776L12.91 9.38l.982 5.318-5.143-2.51z"></path></g></g></g></svg><svg xmlns="http://www.w3.org/2000/svg" width="10" height="20" viewBox="0 0 10 20" class="oct-icon" aria-hidden="true" aria-label="" style="height: 14px; width: auto; fill: rgb(255, 204, 0);"><g clip-path="url(#7gjj25igta)" transform="translate(-232 -2221)"><g clip-path="url(#dvqif6313b)" transform="translate(232 2221)"><g clip-path="url(#6r7ozri4zc)" transform="translate(-8.75 2.5)"><path stroke="#767676" stroke-miterlimit="5" d="m8.75 12.188-5.143 2.51.982-5.318L.43 5.614l5.75-.776L8.75 0l2.572 4.838 5.75.776L12.91 9.38l.982 5.318-5.143-2.51z"></path></g></g></g></svg></span><span><svg xmlns="http://www.w3.org/2000/svg" width="10" height="20" viewBox="0 0 10 20" class="oct-icon" aria-hidden="true" aria-label="" style="height: 14px; width: auto; fill: rgb(255, 204, 0);"><g clip-path="url(#3b8wbmf19a)" transform="translate(-202 -2221)"><g clip-path="url(#n79ah32ilb)" transform="translate(202 2221)"><g clip-path="url(#h1bi9j7dcc)" transform="translate(1.25 2.5)"><path stroke="#767676" stroke-miterlimit="5" d="m8.75 12.188-5.143 2.51.982-5.318L.43 5.614l5.75-.776L8.75 0l2.572 4.838 5.75.776L12.91 9.38l.982 5.318-5.143-2.51z"></path></g></g></g></svg><svg xmlns="http://www.w3.org/2000/svg" width="10" height="20" viewBox="0 0 10 20" class="oct-icon" aria-hidden="true" aria-label="" style="height: 14px; width: auto; fill: rgb(255, 204, 0);"><g clip-path="url(#7gjj25igta)" transform="translate(-232 -2221)"><g clip-path="url(#dvqif6313b)" transform="translate(232 2221)"><g clip-path="url(#6r7ozri4zc)" transform="translate(-8.75 2.5)"><path stroke="#767676" stroke-miterlimit="5" d="m8.75 12.188-5.143 2.51.982-5.318L.43 5.614l5.75-.776L8.75 0l2.572 4.838 5.75.776L12.91 9.38l.982 5.318-5.143-2.51z"></path></g></g></g></svg></span><span><svg xmlns="http://www.w3.org/2000/svg" width="10" height="20" viewBox="0 0 10 20" class="oct-icon" aria-hidden="true" aria-label="" style="height: 14px; width: auto; fill: rgb(255, 204, 0);"><g clip-path="url(#3b8wbmf19a)" transform="translate(-202 -2221)"><g clip-path="url(#n79ah32ilb)" transform="translate(202 2221)"><g clip-path="url(#h1bi9j7dcc)" transform="translate(1.25 2.5)"><path stroke="#767676" stroke-miterlimit="5" d="m8.75 12.188-5.143 2.51.982-5.318L.43 5.614l5.75-.776L8.75 0l2.572 4.838 5.75.776L12.91 9.38l.982 5.318-5.143-2.51z"></path></g></g></g></svg><svg xmlns="http://www.w3.org/2000/svg" width="10" height="20" viewBox="0 0 10 20" class="oct-icon" aria-hidden="true" aria-label="" style="height: 14px; width: auto; fill: rgb(255, 204, 0);"><g clip-path="url(#7gjj25igta)" transform="translate(-232 -2221)"><g clip-path="url(#dvqif6313b)" transform="translate(232 2221)"><g clip-path="url(#6r7ozri4zc)" transform="translate(-8.75 2.5)"><path stroke="#767676" stroke-miterlimit="5" d="m8.75 12.188-5.143 2.51.982-5.318L.43 5.614l5.75-.776L8.75 0l2.572 4.838 5.75.776L12.91 9.38l.982 5.318-5.143-2.51z"></path></g></g></g></svg></span><span><svg xmlns="http://www.w3.org/2000/svg" width="10" height="20" viewBox="0 0 10 20" class="oct-icon" aria-hidden="true" aria-label="" style="height: 14px; width: auto; fill: rgb(255, 204, 0);"><g clip-path="url(#3b8wbmf19a)" transform="translate(-202 -2221)"><g clip-path="url(#n79ah32ilb)" transform="translate(202 2221)"><g clip-path="url(#h1bi9j7dcc)" transform="translate(1.25 2.5)"><path stroke="#767676" stroke-miterlimit="5" d="m8.75 12.188-5.143 2.51.982-5.318L.43 5.614l5.75-.776L8.75 0l2.572 4.838 5.75.776L12.91 9.38l.982 5.318-5.143-2.51z"></path></g></g></g></svg><svg xmlns="http://www.w3.org/2000/svg" width="10" height="20" viewBox="0 0 10 20" class="oct-icon" aria-hidden="true" aria-label="" style="height: 14px; width: auto; fill: rgb(255, 204, 0);"><g clip-path="url(#7gjj25igta)" transform="translate(-232 -2221)"><g clip-path="url(#dvqif6313b)" transform="translate(232 2221)"><g clip-path="url(#6r7ozri4zc)" transform="translate(-8.75 2.5)"><path stroke="#767676" stroke-miterlimit="5" d="m8.75 12.188-5.143 2.51.982-5.318L.43 5.614l5.75-.776L8.75 0l2.572 4.838 5.75.776L12.91 9.38l.982 5.318-5.143-2.51z"></path></g></g></g></svg></span><span><svg xmlns="http://www.w3.org/2000/svg" width="10" height="20" viewBox="0 0 10 20" class="oct-icon" aria-hidden="true" aria-label="" style="height: 14px; width: auto; fill: rgb(255, 204, 0);"><g clip-path="url(#3b8wbmf19a)" transform="translate(-202 -2221)"><g clip-path="url(#n79ah32ilb)" transform="translate(202 2221)"><g clip-path="url(#h1bi9j7dcc)" transform="translate(1.25 2.5)"><path stroke="#767676" stroke-miterlimit="5" d="m8.75 12.188-5.143 2.51.982-5.318L.43 5.614l5.75-.776L8.75 0l2.572 4.838 5.75.776L12.91 9.38l.982 5.318-5.143-2.51z"></path></g></g></g></svg><svg xmlns="http://www.w3.org/2000/svg" width="10" height="20" viewBox="0 0 10 20" class="oct-icon" aria-hidden="true" aria-label="" style="height: 14px; width: auto; fill: rgb(255, 204, 0);"><g clip-path="url(#7gjj25igta)" transform="translate(-232 -2221)"><g clip-path="url(#dvqif6313b)" transform="translate(232 2221)"><g clip-path="url(#6r7ozri4zc)" transform="translate(-8.75 2.5)"><path stroke="#767676" stroke-miterlimit="5" d="m8.75 12.188-5.143 2.51.982-5.318L.43 5.614l5.75-.776L8.75 0l2.572 4.838 5.75.776L12.91 9.38l.982 5.318-5.143-2.51z"></path></g></g></g></svg></span></div><div class="oct-reviews__optionalText"><a href="https://www.boots.com/anua-heartleaf-clear-toner-pads-160ml-10352041#BVRRContainer" class="oct-link oct-link--theme-text oct-color--boots-blue oct-reviews__count" aria-label="5 stars out of 5. 5 reviews"><span class="oct-reviews__optionalTextCount">(5)</span></a></div></div></div><div class="oct-teaser__offer__container" aria-label=""><div class="oct-teaser__wrap"><button data-testid="button" class="oct-button oct-button--ellipses oct-button--cta oct-button--cta-default oct-button--cta-default-responsive oct-teaser__offer oct-teaser__offer--isAvailable oct-button--cta-custom" aria-label="Save 10 percent on selected Beauty Skincare"><div class="oct-button__content">Save 10 percent on selected Beauty Skincare</div></button></div></div><div class="oct-teaser__price-wrapper oct-teaser__price-wrapper--saving oct-teaser__price-wrapper--current"><div class="oct-teaser__price-col1-wrapper"><p class="oct-text oct-text--standard oct-text--size_m oct-aem-text oct-aem-text--p--variant-subtext oct-teaser__productPrice" data-testid="text">£19.80</p><div class="oct-teaser__product-price-wrapper"><p class="oct-text oct-text--standard oct-text--size_m oct-aem-text oct-aem-text--p--variant-subtext oct-teaser__productPriceSave" data-testid="text">Save £2.20</p></div><p class="oct-text oct-text--standard oct-text--size_m oct-aem-text oct-aem-text--p--variant-subtext oct-teaser__productPriceWas" data-testid="text">Was £22.00</p></div></div><div class="oct-teaser__price-detail-wrapper"><p class="oct-text oct-text--standard oct-text--size_m oct-aem-text oct-aem-text--p--variant-subtext oct-teaser__productPriceDetail" data-testid="text">160ML | £12.38 per 100ML</p></div></div><div class="oct-teaser__calls-to-action oct-teaser__calls-to-action--two oct-teaser__calls-to-action--left"></div></div></div><div class="oct-teaser__foreground"><a href="https://www.boots.com/anua-heartleaf-clear-toner-pads-160ml-10352041" class="oct-link oct-link--theme-text oct-color--boots-blue oct-teaser-wrapper-link" tabindex="-1" aria-hidden="true" data-promo-creative="25% teaser" data-promo-position=""><div class="oct-image-link-wrapper"><img src="https://boots.scene7.com/is/image/Boots/10352041?op_sharpen=1" alt="Foreground image" class="oct-image oct-image--lazy" data-testid="lazy-image" decoding="async" loading="lazy"></div></a></div><div class="oct-teaser__calls-to-action oct-add-to-basket-callToAction oct-add-to-basket-callToAction--with-lister-basket"><div class="oct-add-to-basket"><div class="oct-input__iconContainer"><div></div><input type="hidden" class="oct-input" id="cmProductName_3031666" autocomplete="off" value="Anua Heartleaf 77% Clear Toner Pads 160ml (10352041.P)" style=""></div><div class="oct-input__iconContainer"><div></div><input type="hidden" class="oct-input" id="catalogEntry_ID" name="catalogEntry_ID" autocomplete="off" value="3031666" style=""></div><div class="oct-input__iconContainer"><div></div><input type="hidden" class="oct-input" id="dlProductId_3031666" name="dlProductId_3031666" autocomplete="off" value="10352041.P" style=""></div><div class="oct-input__iconContainer"><div></div><input type="hidden" class="oct-input" id="dlProductName_3031666" name="dlProductName_3031666" autocomplete="off" value="Anua Heartleaf 77% Clear Toner Pads 160ml" style=""></div><div class="oct-input__iconContainer"><div></div><input type="hidden" class="oct-input" id="dlParentCatentryID_10352041.P" name="dlParentCatentryID_10352041.P" autocomplete="off" value="3031666" style=""></div><div class="oct-input__iconContainer"><div></div><input type="hidden" class="oct-input" id="dlPackagePartNumber_3031666" name="dlPackagePartNumber_3031666" autocomplete="off" value="" style=""></div><div class="oct-add-to-basket__product_info-container"><div class="oct-add-to-basket__product_add noQuickBuy"><div class="oct-add-to-basket__quickBuySLPContainer quickBuySLPContainer"></div><div class="oct-add-to-basket__shopperActions shopperActions oct-add-to-basket__plp_shopperActions_redesign plp_shopperActions_redesign" id="shopperActionsRedesign3031666"><p class="oct-text oct-text--standard oct-text--size_m oct-aem-text oct-aem-text--p--variant-1 oct-add-to-basket__qty-errorMax qty_errorMax" data-testid="text" id="quantity_msg_3031666">Maximum quantity reached</p><div class="oct-add-to-basket__quantity-section quantity_section quantity_section_redesign" id="quantity_section_3031666"><button data-testid="button" class="oct-button oct-button--ellipses oct-button--cta oct-button--cta-default oct-button--cta-default-primaryTransparent oct-button--cta-default-responsive oct-aem-cta oct-add-to-basket__minus-quantity plus_quantity_disabled minus_quantity_redesign plus_quantity_disabled_redesign control-buttons oct-button--cta-midnight-blue-primary" to="" id="desreseQty_3031666" aria-label="Decrease Quantity Anua Heartleaf 77% Clear Toner Pads 160ml" aria-hidden="false" data-icon="–"><div class="oct-button__content"></div></button><div class="oct-input__iconContainer"><div></div><input type="text" class="oct-input oct-add-to-basket__quantity-input quantity_input quantity_input_redesign" aria-label="quantity" name="quantity_$3031666" id="quantity_3031666" readonly="" maxlength="2" tabindex="-1" value="1" style=""></div><button data-testid="button" class="oct-button oct-button--ellipses oct-button--cta oct-button--cta-default oct-button--cta-default-primaryTransparent oct-button--cta-default-responsive oct-aem-cta oct-add-to-basket__plus-quantity plus_quantity plus_quantity_redesign control-buttons oct-button--cta-midnight-blue-primary" to="" id="increseQty_3031666" aria-label="Increase Quantity Anua Heartleaf 77% Clear Toner Pads 160ml" aria-hidden="false" data-icon="+"><div class="oct-button__content"></div></button><div class="oct-add-to-basket__quantity-label quantity_label">in your basket</div></div><div class="oct-input__iconContainer"><div></div><input type="hidden" class="oct-input" name="freeGiftId_3031666" id="freeGiftId_3031666" value="" style=""></div><button data-testid="button" class="oct-button oct-button--ellipses oct-button--cta oct-button--cta-default oct-button--cta-default-primaryTransparent oct-button--cta-default-responsive oct-aem-cta oct-add-to-basket_button oct-button--cta-midnight-blue-primary" to="" id="add2CartBtn_3031666" eeindex="2" data-shop5="" aria-label="Add Anua Heartleaf 77% Clear Toner Pads 160ml to basket"><div class="oct-button__content"><span class="oct-add-to-basket_button_text button_text button_text_redesign">Add to basket</span></div></button><div class="oct-input__iconContainer"><div></div><input type="hidden" class="oct-input" id="lister_orderItemId_3031666" name="lister_orderItemId" value="" style=""></div><div class="oct-input__iconContainer"><div></div><input type="hidden" class="oct-input" id="lister_orderItemQty_3031666" name="lister_orderItemId" value="0" style=""></div><div class="oct-add-to-basket--overlay" data-testid="oct-add-to-basket"><div class="oct-add-to-basket__overlay-popup oct-overlay-popup" id="basket_confirmation_popup_overlay"></div><div id="basket_confirmation_overlay_3031666" class="oct-add-to-basket__overlay-popup__dialog" style="display: none;"><div class="oct-add-to-basket__overlay-focus" role="dialog" aria-labelledby="3031666-dialog-message"><p class="oct-text oct-text--standard oct-text--size_m oct-aem-text oct-aem-text--p--variant-1 oct-add-to-basket__text" data-testid="text" id="3031666-dialog-message">Are you sure you want to remove this product?</p><a class="oct-link oct-link--theme-text oct-color--boots-blue oct-add-to-basket__close-btn" tabindex="0" title="Close overlay" role="button" aria-label="Close overlay">x</a><div class="row"><button data-testid="button" class="oct-button oct-button--default oct-button--default-default oct-button--default-default-responsive oct-add-to-basket__button-secondary oct-add-to-basket__button button" role="button"><div class="oct-button__content">Yes</div></button><button data-testid="button" class="oct-button oct-button--default oct-button--default-default oct-button--default-default-responsive oct-add-to-basket__button-tertiary oct-add-to-basket__button button" role="button"><div class="oct-button__content">No</div></button></div></div></div></div></div></div></div><div id="entitledItem_3031666" style="display: none;">[ { "catentry_id" : 3031667, "Attributes" : { }, "ItemImage" :
          "/wcsstore/eBootsStorefrontAssetStore/images/NoImageIcon.jpg",
          "ItemImage467" :
          "/wcsstore/eBootsStorefrontAssetStore/images/NoImageIcon.jpg",
          "ItemThumbnailImage" :
          "/wcsstore/eBootsStorefrontAssetStore/images/NoImageIcon_sm.jpg" } ]</div></div></div></div></div></div><div data-testid="cell" class="oct-grid__cell oct-grid__cell--width-3 oct-grid__cell--small-6 oct-grid__cell--medium-small-4 oct-grid__cell--medium-4 oct-grid__cell--medium-large-4 oct-listers-hits__item hit oct-listers__item--with-inGrid" data-insights-position="12" data-insights-query-id="9e35482c34e960965eebfb9265ec00be" data-insights-object-id="3053097" data-productid="10354699.P"><div class="oct-teaser-wrapper oct-teaser-with-basket oct-teaser-with-basket--productTile oct-teaser-with-lister-basket oct-teaser--listers oct-teaser--listers-default"><div class="oct-teaser oct-teaser--theme-productTile oct-teaser--border" style="text-align: left;"><div class="oct-teaser__promotion-offer-roundel-wrapper"><div class="oct-teaser__promotion-offer-roundel-item oct-teaser__promotion-offer-roundel-item--offer" aria-label="Item on offer" role="img">Offer</div></div><div class="oct-add-to-favorites" tabindex="0" role="checkbox" aria-checked="false" aria-label="Add item to favourites"><span class="oct-add-to-favorites__icon"></span></div><div class="oct-teaser__contents oct-teaser__contents--only-foreground-image"><div class="oct-teaser__contents-panel oct-teaser__contents-panel"><div class="oct-teaser__contents-panel--main-content"><div><img src="data:image/svg+xml;base64,PHN2ZyB4bWxucz0iaHR0cDovL3d3dy53My5vcmcvMjAwMC9zdmciIHdpZHRoPSIzMjUiIGhlaWdodD0iMzI1Ij48cmVjdCB3aWR0aD0iMTAwJSIgaGVpZ2h0PSIxMDAlIiBzdHlsZT0iZmlsbDojZjJmMmYyIi8+PC9zdmc+" alt="test" class="oct-image oct-teaser__contents-panel__logo oct-teaser__contents-panel__logo--small oct-image--lazy" data-testid="lazy-image" decoding="async" loading="lazy"></div><a href="https://www.boots.com/bubble-cloud-surf-water-cream-moisturiser-30ml-10354699" class="oct-link oct-link--theme-text oct-color--boots-blue oct-teaser__title-link" aria-label="" title="Bubble Cloud Surf Water Cream Moisturiser 30ml"><h3 class="oct-text oct-text--standard oct-text--size_m oct-aem-text oct-aem-text--h3--variant-1 oct-teaser__subtitle" data-testid="text">none</h3><div><h3 class="oct-text oct-text--standard oct-text--size_m oct-aem-text oct-aem-text--h3--variant-2 oct-teaser__title oct-teaser-with-listers" data-testid="text">Bubble Cloud Surf Water Cream Moisturiser 30ml</h3></div></a><div class="oct-reviews__reviews-container" aria-label=""><div class="oct-reviews"><div class="oct-reviews__icons" data-testid="reviews__icons"><span><svg xmlns="http://www.w3.org/2000/svg" width="10" height="20" viewBox="0 0 10 20" class="oct-icon" aria-hidden="true" aria-label="" style="height: 14px; width: auto; fill: rgb(255, 204, 0);"><g clip-path="url(#3b8wbmf19a)" transform="translate(-202 -2221)"><g clip-path="url(#n79ah32ilb)" transform="translate(202 2221)"><g clip-path="url(#h1bi9j7dcc)" transform="translate(1.25 2.5)"><path stroke="#767676" stroke-miterlimit="5" d="m8.75 12.188-5.143 2.51.982-5.318L.43 5.614l5.75-.776L8.75 0l2.572 4.838 5.75.776L12.91 9.38l.982 5.318-5.143-2.51z"></path></g></g></g></svg><svg xmlns="http://www.w3.org/2000/svg" width="10" height="20" viewBox="0 0 10 20" class="oct-icon" aria-hidden="true" aria-label="" style="height: 14px; width: auto; fill: rgb(255, 204, 0);"><g clip-path="url(#7gjj25igta)" transform="translate(-232 -2221)"><g clip-path="url(#dvqif6313b)" transform="translate(232 2221)"><g clip-path="url(#6r7ozri4zc)" transform="translate(-8.75 2.5)"><path stroke="#767676" stroke-miterlimit="5" d="m8.75 12.188-5.143 2.51.982-5.318L.43 5.614l5.75-.776L8.75 0l2.572 4.838 5.75.776L12.91 9.38l.982 5.318-5.143-2.51z"></path></g></g></g></svg></span><span><svg xmlns="http://www.w3.org/2000/svg" width="10" height="20" viewBox="0 0 10 20" class="oct-icon" aria-hidden="true" aria-label="" style="height: 14px; width: auto; fill: rgb(255, 204, 0);"><g clip-path="url(#3b8wbmf19a)" transform="translate(-202 -2221)"><g clip-path="url(#n79ah32ilb)" transform="translate(202 2221)"><g clip-path="url(#h1bi9j7dcc)" transform="translate(1.25 2.5)"><path stroke="#767676" stroke-miterlimit="5" d="m8.75 12.188-5.143 2.51.982-5.318L.43 5.614l5.75-.776L8.75 0l2.572 4.838 5.75.776L12.91 9.38l.982 5.318-5.143-2.51z"></path></g></g></g></svg><svg xmlns="http://www.w3.org/2000/svg" width="10" height="20" viewBox="0 0 10 20" class="oct-icon" aria-hidden="true" aria-label="" style="height: 14px; width: auto; fill: rgb(255, 204, 0);"><g clip-path="url(#7gjj25igta)" transform="translate(-232 -2221)"><g clip-path="url(#dvqif6313b)" transform="translate(232 2221)"><g clip-path="url(#6r7ozri4zc)" transform="translate(-8.75 2.5)"><path stroke="#767676" stroke-miterlimit="5" d="m8.75 12.188-5.143 2.51.982-5.318L.43 5.614l5.75-.776L8.75 0l2.572 4.838 5.75.776L12.91 9.38l.982 5.318-5.143-2.51z"></path></g></g></g></svg></span><span><svg xmlns="http://www.w3.org/2000/svg" width="10" height="20" viewBox="0 0 10 20" class="oct-icon" aria-hidden="true" aria-label="" style="height: 14px; width: auto; fill: rgb(255, 204, 0);"><g clip-path="url(#3b8wbmf19a)" transform="translate(-202 -2221)"><g clip-path="url(#n79ah32ilb)" transform="translate(202 2221)"><g clip-path="url(#h1bi9j7dcc)" transform="translate(1.25 2.5)"><path stroke="#767676" stroke-miterlimit="5" d="m8.75 12.188-5.143 2.51.982-5.318L.43 5.614l5.75-.776L8.75 0l2.572 4.838 5.75.776L12.91 9.38l.982 5.318-5.143-2.51z"></path></g></g></g></svg><svg xmlns="http://www.w3.org/2000/svg" width="10" height="20" viewBox="0 0 10 20" class="oct-icon" aria-hidden="true" aria-label="" style="height: 14px; width: auto; fill: rgb(255, 204, 0);"><g clip-path="url(#7gjj25igta)" transform="translate(-232 -2221)"><g clip-path="url(#dvqif6313b)" transform="translate(232 2221)"><g clip-path="url(#6r7ozri4zc)" transform="translate(-8.75 2.5)"><path stroke="#767676" stroke-miterlimit="5" d="m8.75 12.188-5.143 2.51.982-5.318L.43 5.614l5.75-.776L8.75 0l2.572 4.838 5.75.776L12.91 9.38l.982 5.318-5.143-2.51z"></path></g></g></g></svg></span><span><svg xmlns="http://www.w3.org/2000/svg" width="10" height="20" viewBox="0 0 10 20" class="oct-icon" aria-hidden="true" aria-label="" style="height: 14px; width: auto; fill: rgb(255, 204, 0);"><g clip-path="url(#3b8wbmf19a)" transform="translate(-202 -2221)"><g clip-path="url(#n79ah32ilb)" transform="translate(202 2221)"><g clip-path="url(#h1bi9j7dcc)" transform="translate(1.25 2.5)"><path stroke="#767676" stroke-miterlimit="5" d="m8.75 12.188-5.143 2.51.982-5.318L.43 5.614l5.75-.776L8.75 0l2.572 4.838 5.75.776L12.91 9.38l.982 5.318-5.143-2.51z"></path></g></g></g></svg><svg xmlns="http://www.w3.org/2000/svg" width="10" height="20" viewBox="0 0 10 20" class="oct-icon" aria-hidden="true" aria-label="" style="height: 14px; width: auto; fill: rgb(255, 204, 0);"><g clip-path="url(#7gjj25igta)" transform="translate(-232 -2221)"><g clip-path="url(#dvqif6313b)" transform="translate(232 2221)"><g clip-path="url(#6r7ozri4zc)" transform="translate(-8.75 2.5)"><path stroke="#767676" stroke-miterlimit="5" d="m8.75 12.188-5.143 2.51.982-5.318L.43 5.614l5.75-.776L8.75 0l2.572 4.838 5.75.776L12.91 9.38l.982 5.318-5.143-2.51z"></path></g></g></g></svg></span><span><svg xmlns="http://www.w3.org/2000/svg" width="10" height="20" viewBox="0 0 10 20" class="oct-icon" aria-hidden="true" aria-label="" style="height: 14px; width: auto; fill: rgb(255, 204, 0);"><g clip-path="url(#3b8wbmf19a)" transform="translate(-202 -2221)"><g clip-path="url(#n79ah32ilb)" transform="translate(202 2221)"><g clip-path="url(#h1bi9j7dcc)" transform="translate(1.25 2.5)"><path stroke="#767676" stroke-miterlimit="5" d="m8.75 12.188-5.143 2.51.982-5.318L.43 5.614l5.75-.776L8.75 0l2.572 4.838 5.75.776L12.91 9.38l.982 5.318-5.143-2.51z"></path></g></g></g></svg><svg xmlns="http://www.w3.org/2000/svg" width="10" height="20" viewBox="0 0 10 20" class="oct-icon" aria-hidden="true" aria-label="" style="height: 14px; width: auto; fill: rgb(255, 204, 0);"><g clip-path="url(#7gjj25igta)" transform="translate(-232 -2221)"><g clip-path="url(#dvqif6313b)" transform="translate(232 2221)"><g clip-path="url(#6r7ozri4zc)" transform="translate(-8.75 2.5)"><path stroke="#767676" stroke-miterlimit="5" d="m8.75 12.188-5.143 2.51.982-5.318L.43 5.614l5.75-.776L8.75 0l2.572 4.838 5.75.776L12.91 9.38l.982 5.318-5.143-2.51z"></path></g></g></g></svg></span></div><div class="oct-reviews__optionalText"><a href="https://www.boots.com/bubble-cloud-surf-water-cream-moisturiser-30ml-10354699#BVRRContainer" class="oct-link oct-link--theme-text oct-color--boots-blue oct-reviews__count" aria-label="5 stars out of 5. 4 reviews"><span class="oct-reviews__optionalTextCount">(4)</span></a></div></div></div><div class="oct-teaser__offer__container" aria-label=""><div class="oct-teaser__wrap"><button data-testid="button" class="oct-button oct-button--ellipses oct-button--cta oct-button--cta-default oct-button--cta-default-responsive oct-teaser__offer oct-teaser__offer--isAvailable oct-button--cta-custom" aria-label="3 for 2 on selected Miniatures - cheapest free"><div class="oct-button__content">3 for 2 on selected Miniatures - cheapest free</div></button></div></div><div class="oct-teaser__price-wrapper oct-teaser__price-wrapper--current"><div class="oct-teaser__price-col1-wrapper"><p class="oct-text oct-text--standard oct-text--size_m oct-aem-text oct-aem-text--p--variant-subtext oct-teaser__productPrice" data-testid="text">£10.00</p><div class="oct-teaser__product-price-wrapper"></div></div></div><div class="oct-teaser__price-detail-wrapper"><p class="oct-text oct-text--standard oct-text--size_m oct-aem-text oct-aem-text--p--variant-subtext oct-teaser__productPriceDetail" data-testid="text">30ML | £33.33 per 100ML</p></div></div><div class="oct-teaser__calls-to-action oct-teaser__calls-to-action--two oct-teaser__calls-to-action--left"></div></div></div><div class="oct-teaser__foreground"><a href="https://www.boots.com/bubble-cloud-surf-water-cream-moisturiser-30ml-10354699" class="oct-link oct-link--theme-text oct-color--boots-blue oct-teaser-wrapper-link" tabindex="-1" aria-hidden="true" data-promo-creative="25% teaser" data-promo-position=""><div class="oct-image-link-wrapper"><img src="https://boots.scene7.com/is/image/Boots/10354699?op_sharpen=1" alt="Foreground image" class="oct-image oct-image--lazy" data-testid="lazy-image" decoding="async" loading="lazy"></div></a></div><div class="oct-teaser__calls-to-action oct-add-to-basket-callToAction oct-add-to-basket-callToAction--with-lister-basket"><div class="oct-add-to-basket"><div class="oct-input__iconContainer"><div></div><input type="hidden" class="oct-input" id="cmProductName_3053096" autocomplete="off" value="Bubble Cloud Surf Water Cream Moisturiser 30ml (10354699.P)" style=""></div><div class="oct-input__iconContainer"><div></div><input type="hidden" class="oct-input" id="catalogEntry_ID" name="catalogEntry_ID" autocomplete="off" value="3053096" style=""></div><div class="oct-input__iconContainer"><div></div><input type="hidden" class="oct-input" id="dlProductId_3053096" name="dlProductId_3053096" autocomplete="off" value="10354699.P" style=""></div><div class="oct-input__iconContainer"><div></div><input type="hidden" class="oct-input" id="dlProductName_3053096" name="dlProductName_3053096" autocomplete="off" value="Bubble Cloud Surf Water Cream Moisturiser 30ml" style=""></div><div class="oct-input__iconContainer"><div></div><input type="hidden" class="oct-input" id="dlParentCatentryID_10354699.P" name="dlParentCatentryID_10354699.P" autocomplete="off" value="3053096" style=""></div><div class="oct-input__iconContainer"><div></div><input type="hidden" class="oct-input" id="dlPackagePartNumber_3053096" name="dlPackagePartNumber_3053096" autocomplete="off" value="" style=""></div><div class="oct-add-to-basket__product_info-container"><div class="oct-add-to-basket__product_add noQuickBuy"><div class="oct-add-to-basket__quickBuySLPContainer quickBuySLPContainer"></div><div class="oct-add-to-basket__shopperActions shopperActions oct-add-to-basket__plp_shopperActions_redesign plp_shopperActions_redesign" id="shopperActionsRedesign3053096"><p class="oct-text oct-text--standard oct-text--size_m oct-aem-text oct-aem-text--p--variant-1 oct-add-to-basket__qty-errorMax qty_errorMax" data-testid="text" id="quantity_msg_3053096">Maximum quantity reached</p><div class="oct-add-to-basket__quantity-section quantity_section quantity_section_redesign" id="quantity_section_3053096"><button data-testid="button" class="oct-button oct-button--ellipses oct-button--cta oct-button--cta-default oct-button--cta-default-primaryTransparent oct-button--cta-default-responsive oct-aem-cta oct-add-to-basket__minus-quantity plus_quantity_disabled minus_quantity_redesign plus_quantity_disabled_redesign control-buttons oct-button--cta-midnight-blue-primary" to="" id="desreseQty_3053096" aria-label="Decrease Quantity Bubble Cloud Surf Water Cream Moisturiser 30ml" aria-hidden="false" data-icon="–"><div class="oct-button__content"></div></button><div class="oct-input__iconContainer"><div></div><input type="text" class="oct-input oct-add-to-basket__quantity-input quantity_input quantity_input_redesign" aria-label="quantity" name="quantity_$3053096" id="quantity_3053096" readonly="" maxlength="2" tabindex="-1" value="1" style=""></div><button data-testid="button" class="oct-button oct-button--ellipses oct-button--cta oct-button--cta-default oct-button--cta-default-primaryTransparent oct-button--cta-default-responsive oct-aem-cta oct-add-to-basket__plus-quantity plus_quantity plus_quantity_redesign control-buttons oct-button--cta-midnight-blue-primary" to="" id="increseQty_3053096" aria-label="Increase Quantity Bubble Cloud Surf Water Cream Moisturiser 30ml" aria-hidden="false" data-icon="+"><div class="oct-button__content"></div></button><div class="oct-add-to-basket__quantity-label quantity_label">in your basket</div></div><div class="oct-input__iconContainer"><div></div><input type="hidden" class="oct-input" name="freeGiftId_3053096" id="freeGiftId_3053096" value="" style=""></div><button data-testid="button" class="oct-button oct-button--ellipses oct-button--cta oct-button--cta-default oct-button--cta-default-primaryTransparent oct-button--cta-default-responsive oct-aem-cta oct-add-to-basket_button oct-button--cta-midnight-blue-primary" to="" id="add2CartBtn_3053096" eeindex="2" data-shop5="" aria-label="Add Bubble Cloud Surf Water Cream Moisturiser 30ml to basket"><div class="oct-button__content"><span class="oct-add-to-basket_button_text button_text button_text_redesign">Add to basket</span></div></button><div class="oct-input__iconContainer"><div></div><input type="hidden" class="oct-input" id="lister_orderItemId_3053096" name="lister_orderItemId" value="" style=""></div><div class="oct-input__iconContainer"><div></div><input type="hidden" class="oct-input" id="lister_orderItemQty_3053096" name="lister_orderItemId" value="0" style=""></div><div class="oct-add-to-basket--overlay" data-testid="oct-add-to-basket"><div class="oct-add-to-basket__overlay-popup oct-overlay-popup" id="basket_confirmation_popup_overlay"></div><div id="basket_confirmation_overlay_3053096" class="oct-add-to-basket__overlay-popup__dialog" style="display: none;"><div class="oct-add-to-basket__overlay-focus" role="dialog" aria-labelledby="3053096-dialog-message"><p class="oct-text oct-text--standard oct-text--size_m oct-aem-text oct-aem-text--p--variant-1 oct-add-to-basket__text" data-testid="text" id="3053096-dialog-message">Are you sure you want to remove this product?</p><a class="oct-link oct-link--theme-text oct-color--boots-blue oct-add-to-basket__close-btn" tabindex="0" title="Close overlay" role="button" aria-label="Close overlay">x</a><div class="row"><button data-testid="button" class="oct-button oct-button--default oct-button--default-default oct-button--default-default-responsive oct-add-to-basket__button-secondary oct-add-to-basket__button button" role="button"><div class="oct-button__content">Yes</div></button><button data-testid="button" class="oct-button oct-button--default oct-button--default-default oct-button--default-default-responsive oct-add-to-basket__button-tertiary oct-add-to-basket__button button" role="button"><div class="oct-button__content">No</div></button></div></div></div></div></div></div></div><div id="entitledItem_3053096" style="display: none;">[ { "catentry_id" : 3053097, "Attributes" : { }, "ItemImage" :
          "/wcsstore/eBootsStorefrontAssetStore/images/NoImageIcon.jpg",
          "ItemImage467" :
          "/wcsstore/eBootsStorefrontAssetStore/images/NoImageIcon.jpg",
          "ItemThumbnailImage" :
          "/wcsstore/eBootsStorefrontAssetStore/images/NoImageIcon_sm.jpg" } ]</div></div></div></div></div></div><div data-testid="cell" class="oct-grid__cell oct-grid__cell--width-3 oct-grid__cell--small-6 oct-grid__cell--medium-small-4 oct-grid__cell--medium-4 oct-grid__cell--medium-large-4 oct-listers-hits__item hit oct-listers__item--with-inGrid" data-insights-position="13" data-insights-query-id="9e35482c34e960965eebfb9265ec00be" data-insights-object-id="3002646" data-productid="10348244.P"><div class="oct-teaser-wrapper oct-teaser-with-basket oct-teaser-with-basket--productTile oct-teaser-with-lister-basket oct-teaser--listers oct-teaser--listers-default"><div class="oct-teaser oct-teaser--theme-productTile oct-teaser--border" style="text-align: left;"><div class="oct-teaser__promotion-offer-roundel-wrapper"><div class="oct-teaser__promotion-offer-roundel-item oct-teaser__promotion-offer-roundel-item--offer" aria-label="Item on offer" role="img">Offer</div></div><div class="oct-add-to-favorites" tabindex="0" role="checkbox" aria-checked="false" aria-label="Add item to favourites"><span class="oct-add-to-favorites__icon"></span></div><div class="oct-teaser__contents oct-teaser__contents--only-foreground-image"><div class="oct-teaser__contents-panel oct-teaser__contents-panel"><div class="oct-teaser__contents-panel--main-content"><div><img src="data:image/svg+xml;base64,PHN2ZyB4bWxucz0iaHR0cDovL3d3dy53My5vcmcvMjAwMC9zdmciIHdpZHRoPSIzMjUiIGhlaWdodD0iMzI1Ij48cmVjdCB3aWR0aD0iMTAwJSIgaGVpZ2h0PSIxMDAlIiBzdHlsZT0iZmlsbDojZjJmMmYyIi8+PC9zdmc+" alt="test" class="oct-image oct-teaser__contents-panel__logo oct-teaser__contents-panel__logo--small oct-image--lazy" data-testid="lazy-image" decoding="async" loading="lazy"></div><a href="https://www.boots.com/clarins-summer-sizzler-10348244" class="oct-link oct-link--theme-text oct-color--boots-blue oct-teaser__title-link" aria-label="" title="Clarins summer sizzler kit 2024"><h3 class="oct-text oct-text--standard oct-text--size_m oct-aem-text oct-aem-text--h3--variant-1 oct-teaser__subtitle" data-testid="text">none</h3><div><h3 class="oct-text oct-text--standard oct-text--size_m oct-aem-text oct-aem-text--h3--variant-2 oct-teaser__title oct-teaser-with-listers" data-testid="text">Clarins summer sizzler kit 2024</h3></div></a><div class="oct-reviews__reviews-container" aria-label=""><div class="oct-reviews"><div class="oct-reviews__icons" data-testid="reviews__icons"><span><svg xmlns="http://www.w3.org/2000/svg" width="10" height="20" viewBox="0 0 10 20" class="oct-icon" aria-hidden="true" aria-label="" style="height: 14px; width: auto; fill: rgb(255, 204, 0);"><g clip-path="url(#3b8wbmf19a)" transform="translate(-202 -2221)"><g clip-path="url(#n79ah32ilb)" transform="translate(202 2221)"><g clip-path="url(#h1bi9j7dcc)" transform="translate(1.25 2.5)"><path stroke="#767676" stroke-miterlimit="5" d="m8.75 12.188-5.143 2.51.982-5.318L.43 5.614l5.75-.776L8.75 0l2.572 4.838 5.75.776L12.91 9.38l.982 5.318-5.143-2.51z"></path></g></g></g></svg><svg xmlns="http://www.w3.org/2000/svg" width="10" height="20" viewBox="0 0 10 20" class="oct-icon" aria-hidden="true" aria-label="" style="height: 14px; width: auto; fill: rgb(255, 204, 0);"><g clip-path="url(#7gjj25igta)" transform="translate(-232 -2221)"><g clip-path="url(#dvqif6313b)" transform="translate(232 2221)"><g clip-path="url(#6r7ozri4zc)" transform="translate(-8.75 2.5)"><path stroke="#767676" stroke-miterlimit="5" d="m8.75 12.188-5.143 2.51.982-5.318L.43 5.614l5.75-.776L8.75 0l2.572 4.838 5.75.776L12.91 9.38l.982 5.318-5.143-2.51z"></path></g></g></g></svg></span><span><svg xmlns="http://www.w3.org/2000/svg" width="10" height="20" viewBox="0 0 10 20" class="oct-icon" aria-hidden="true" aria-label="" style="height: 14px; width: auto; fill: rgb(255, 204, 0);"><g clip-path="url(#3b8wbmf19a)" transform="translate(-202 -2221)"><g clip-path="url(#n79ah32ilb)" transform="translate(202 2221)"><g clip-path="url(#h1bi9j7dcc)" transform="translate(1.25 2.5)"><path stroke="#767676" stroke-miterlimit="5" d="m8.75 12.188-5.143 2.51.982-5.318L.43 5.614l5.75-.776L8.75 0l2.572 4.838 5.75.776L12.91 9.38l.982 5.318-5.143-2.51z"></path></g></g></g></svg><svg xmlns="http://www.w3.org/2000/svg" width="10" height="20" viewBox="0 0 10 20" class="oct-icon" aria-hidden="true" aria-label="" style="height: 14px; width: auto; fill: rgb(255, 204, 0);"><g clip-path="url(#7gjj25igta)" transform="translate(-232 -2221)"><g clip-path="url(#dvqif6313b)" transform="translate(232 2221)"><g clip-path="url(#6r7ozri4zc)" transform="translate(-8.75 2.5)"><path stroke="#767676" stroke-miterlimit="5" d="m8.75 12.188-5.143 2.51.982-5.318L.43 5.614l5.75-.776L8.75 0l2.572 4.838 5.75.776L12.91 9.38l.982 5.318-5.143-2.51z"></path></g></g></g></svg></span><span><svg xmlns="http://www.w3.org/2000/svg" width="10" height="20" viewBox="0 0 10 20" class="oct-icon" aria-hidden="true" aria-label="" style="height: 14px; width: auto; fill: rgb(255, 204, 0);"><g clip-path="url(#3b8wbmf19a)" transform="translate(-202 -2221)"><g clip-path="url(#n79ah32ilb)" transform="translate(202 2221)"><g clip-path="url(#h1bi9j7dcc)" transform="translate(1.25 2.5)"><path stroke="#767676" stroke-miterlimit="5" d="m8.75 12.188-5.143 2.51.982-5.318L.43 5.614l5.75-.776L8.75 0l2.572 4.838 5.75.776L12.91 9.38l.982 5.318-5.143-2.51z"></path></g></g></g></svg><svg xmlns="http://www.w3.org/2000/svg" width="10" height="20" viewBox="0 0 10 20" class="oct-icon" aria-hidden="true" aria-label="" style="height: 14px; width: auto; fill: rgb(255, 204, 0);"><g clip-path="url(#7gjj25igta)" transform="translate(-232 -2221)"><g clip-path="url(#dvqif6313b)" transform="translate(232 2221)"><g clip-path="url(#6r7ozri4zc)" transform="translate(-8.75 2.5)"><path stroke="#767676" stroke-miterlimit="5" d="m8.75 12.188-5.143 2.51.982-5.318L.43 5.614l5.75-.776L8.75 0l2.572 4.838 5.75.776L12.91 9.38l.982 5.318-5.143-2.51z"></path></g></g></g></svg></span><span><svg xmlns="http://www.w3.org/2000/svg" width="10" height="20" viewBox="0 0 10 20" class="oct-icon" aria-hidden="true" aria-label="" style="height: 14px; width: auto; fill: rgb(255, 204, 0);"><g clip-path="url(#3b8wbmf19a)" transform="translate(-202 -2221)"><g clip-path="url(#n79ah32ilb)" transform="translate(202 2221)"><g clip-path="url(#h1bi9j7dcc)" transform="translate(1.25 2.5)"><path stroke="#767676" stroke-miterlimit="5" d="m8.75 12.188-5.143 2.51.982-5.318L.43 5.614l5.75-.776L8.75 0l2.572 4.838 5.75.776L12.91 9.38l.982 5.318-5.143-2.51z"></path></g></g></g></svg><svg xmlns="http://www.w3.org/2000/svg" width="10" height="20" viewBox="0 0 10 20" class="oct-icon" aria-hidden="true" aria-label="" style="height: 14px; width: auto; fill: rgb(255, 204, 0);"><g clip-path="url(#7gjj25igta)" transform="translate(-232 -2221)"><g clip-path="url(#dvqif6313b)" transform="translate(232 2221)"><g clip-path="url(#6r7ozri4zc)" transform="translate(-8.75 2.5)"><path stroke="#767676" stroke-miterlimit="5" d="m8.75 12.188-5.143 2.51.982-5.318L.43 5.614l5.75-.776L8.75 0l2.572 4.838 5.75.776L12.91 9.38l.982 5.318-5.143-2.51z"></path></g></g></g></svg></span><span><svg xmlns="http://www.w3.org/2000/svg" width="10" height="20" viewBox="0 0 10 20" class="oct-icon" aria-hidden="true" aria-label="" style="height: 14px; width: auto; fill: rgb(255, 204, 0);"><g clip-path="url(#3b8wbmf19a)" transform="translate(-202 -2221)"><g clip-path="url(#n79ah32ilb)" transform="translate(202 2221)"><g clip-path="url(#h1bi9j7dcc)" transform="translate(1.25 2.5)"><path stroke="#767676" stroke-miterlimit="5" d="m8.75 12.188-5.143 2.51.982-5.318L.43 5.614l5.75-.776L8.75 0l2.572 4.838 5.75.776L12.91 9.38l.982 5.318-5.143-2.51z"></path></g></g></g></svg><svg xmlns="http://www.w3.org/2000/svg" width="10" height="20" viewBox="0 0 10 20" class="oct-icon" aria-hidden="true" aria-label="" style="height: 14px; width: auto; fill: rgb(255, 204, 0);"><g clip-path="url(#7gjj25igta)" transform="translate(-232 -2221)"><g clip-path="url(#dvqif6313b)" transform="translate(232 2221)"><g clip-path="url(#6r7ozri4zc)" transform="translate(-8.75 2.5)"><path stroke="#767676" stroke-miterlimit="5" d="m8.75 12.188-5.143 2.51.982-5.318L.43 5.614l5.75-.776L8.75 0l2.572 4.838 5.75.776L12.91 9.38l.982 5.318-5.143-2.51z"></path></g></g></g></svg></span></div><div class="oct-reviews__optionalText"><a href="https://www.boots.com/clarins-summer-sizzler-10348244#BVRRContainer" class="oct-link oct-link--theme-text oct-color--boots-blue oct-reviews__count" aria-label="5 stars out of 5. 12 reviews"><span class="oct-reviews__optionalTextCount">(12)</span></a></div></div></div><div class="oct-teaser__offer__container" aria-label=""><div class="oct-teaser__wrap"><button data-testid="button" class="oct-button oct-button--ellipses oct-button--cta oct-button--cta-default oct-button--cta-default-responsive oct-teaser__offer oct-teaser__offer--isAvailable oct-button--cta-custom" aria-label="£10 worth of Advantage Card points when you spend £70 on selected Clarins"><div class="oct-button__content">£10 worth of Advantage Card points when you spend £70 on selected Clarins</div></button></div></div><div class="oct-teaser__price-wrapper oct-teaser__price-wrapper--saving oct-teaser__price-wrapper--current"><div class="oct-teaser__price-col1-wrapper"><p class="oct-text oct-text--standard oct-text--size_m oct-aem-text oct-aem-text--p--variant-subtext oct-teaser__productPrice" data-testid="text">£34.00</p><div class="oct-teaser__product-price-wrapper"><p class="oct-text oct-text--standard oct-text--size_m oct-aem-text oct-aem-text--p--variant-subtext oct-teaser__productPriceSave" data-testid="text">Save £6.00</p></div><p class="oct-text oct-text--standard oct-text--size_m oct-aem-text oct-aem-text--p--variant-subtext oct-teaser__productPriceWas" data-testid="text">Was £40.00</p></div></div><div class="oct-teaser__price-detail-wrapper"><p class="oct-text oct-text--standard oct-text--size_m oct-aem-text oct-aem-text--p--variant-subtext oct-teaser__productPriceDetail" data-testid="text"></p></div></div><div class="oct-teaser__calls-to-action oct-teaser__calls-to-action--two oct-teaser__calls-to-action--left"></div></div></div><div class="oct-teaser__foreground"><a href="https://www.boots.com/clarins-summer-sizzler-10348244" class="oct-link oct-link--theme-text oct-color--boots-blue oct-teaser-wrapper-link" tabindex="-1" aria-hidden="true" data-promo-creative="25% teaser" data-promo-position=""><div class="oct-image-link-wrapper"><img src="https://boots.scene7.com/is/image/Boots/10348244?op_sharpen=1" alt="Foreground image" class="oct-image oct-image--lazy" data-testid="lazy-image" decoding="async" loading="lazy"></div></a></div><div class="oct-teaser__calls-to-action oct-add-to-basket-callToAction oct-add-to-basket-callToAction--with-lister-basket"><div class="oct-add-to-basket"><div class="oct-input__iconContainer"><div></div><input type="hidden" class="oct-input" id="cmProductName_3002645" autocomplete="off" value="Clarins summer sizzler kit 2024 (10348244.P)" style=""></div><div class="oct-input__iconContainer"><div></div><input type="hidden" class="oct-input" id="catalogEntry_ID" name="catalogEntry_ID" autocomplete="off" value="3002645" style=""></div><div class="oct-input__iconContainer"><div></div><input type="hidden" class="oct-input" id="dlProductId_3002645" name="dlProductId_3002645" autocomplete="off" value="10348244.P" style=""></div><div class="oct-input__iconContainer"><div></div><input type="hidden" class="oct-input" id="dlProductName_3002645" name="dlProductName_3002645" autocomplete="off" value="Clarins summer sizzler kit 2024" style=""></div><div class="oct-input__iconContainer"><div></div><input type="hidden" class="oct-input" id="dlParentCatentryID_10348244.P" name="dlParentCatentryID_10348244.P" autocomplete="off" value="3002645" style=""></div><div class="oct-input__iconContainer"><div></div><input type="hidden" class="oct-input" id="dlPackagePartNumber_3002645" name="dlPackagePartNumber_3002645" autocomplete="off" value="" style=""></div><div class="oct-add-to-basket__product_info-container"><div class="oct-add-to-basket__product_add noQuickBuy"><div class="oct-add-to-basket__quickBuySLPContainer quickBuySLPContainer"></div><div class="oct-add-to-basket__shopperActions shopperActions oct-add-to-basket__plp_shopperActions_redesign plp_shopperActions_redesign" id="shopperActionsRedesign3002645"><p class="oct-text oct-text--standard oct-text--size_m oct-aem-text oct-aem-text--p--variant-1 oct-add-to-basket__qty-errorMax qty_errorMax" data-testid="text" id="quantity_msg_3002645">Maximum quantity reached</p><div class="oct-add-to-basket__quantity-section quantity_section quantity_section_redesign" id="quantity_section_3002645"><button data-testid="button" class="oct-button oct-button--ellipses oct-button--cta oct-button--cta-default oct-button--cta-default-primaryTransparent oct-button--cta-default-responsive oct-aem-cta oct-add-to-basket__minus-quantity plus_quantity_disabled minus_quantity_redesign plus_quantity_disabled_redesign control-buttons oct-button--cta-midnight-blue-primary" to="" id="desreseQty_3002645" aria-label="Decrease Quantity Clarins summer sizzler kit 2024" aria-hidden="false" data-icon="–"><div class="oct-button__content"></div></button><div class="oct-input__iconContainer"><div></div><input type="text" class="oct-input oct-add-to-basket__quantity-input quantity_input quantity_input_redesign" aria-label="quantity" name="quantity_$3002645" id="quantity_3002645" readonly="" maxlength="2" tabindex="-1" value="1" style=""></div><button data-testid="button" class="oct-button oct-button--ellipses oct-button--cta oct-button--cta-default oct-button--cta-default-primaryTransparent oct-button--cta-default-responsive oct-aem-cta oct-add-to-basket__plus-quantity plus_quantity plus_quantity_redesign control-buttons oct-button--cta-midnight-blue-primary" to="" id="increseQty_3002645" aria-label="Increase Quantity Clarins summer sizzler kit 2024" aria-hidden="false" data-icon="+"><div class="oct-button__content"></div></button><div class="oct-add-to-basket__quantity-label quantity_label">in your basket</div></div><div class="oct-input__iconContainer"><div></div><input type="hidden" class="oct-input" name="freeGiftId_3002645" id="freeGiftId_3002645" value="" style=""></div><button data-testid="button" class="oct-button oct-button--ellipses oct-button--cta oct-button--cta-default oct-button--cta-default-primaryTransparent oct-button--cta-default-responsive oct-aem-cta oct-add-to-basket_button oct-button--cta-midnight-blue-primary" to="" id="add2CartBtn_3002645" eeindex="2" data-shop5="" aria-label="Add Clarins summer sizzler kit 2024 to basket"><div class="oct-button__content"><span class="oct-add-to-basket_button_text button_text button_text_redesign">Add to basket</span></div></button><div class="oct-input__iconContainer"><div></div><input type="hidden" class="oct-input" id="lister_orderItemId_3002645" name="lister_orderItemId" value="" style=""></div><div class="oct-input__iconContainer"><div></div><input type="hidden" class="oct-input" id="lister_orderItemQty_3002645" name="lister_orderItemId" value="0" style=""></div><div class="oct-add-to-basket--overlay" data-testid="oct-add-to-basket"><div class="oct-add-to-basket__overlay-popup oct-overlay-popup" id="basket_confirmation_popup_overlay"></div><div id="basket_confirmation_overlay_3002645" class="oct-add-to-basket__overlay-popup__dialog" style="display: none;"><div class="oct-add-to-basket__overlay-focus" role="dialog" aria-labelledby="3002645-dialog-message"><p class="oct-text oct-text--standard oct-text--size_m oct-aem-text oct-aem-text--p--variant-1 oct-add-to-basket__text" data-testid="text" id="3002645-dialog-message">Are you sure you want to remove this product?</p><a class="oct-link oct-link--theme-text oct-color--boots-blue oct-add-to-basket__close-btn" tabindex="0" title="Close overlay" role="button" aria-label="Close overlay">x</a><div class="row"><button data-testid="button" class="oct-button oct-button--default oct-button--default-default oct-button--default-default-responsive oct-add-to-basket__button-secondary oct-add-to-basket__button button" role="button"><div class="oct-button__content">Yes</div></button><button data-testid="button" class="oct-button oct-button--default oct-button--default-default oct-button--default-default-responsive oct-add-to-basket__button-tertiary oct-add-to-basket__button button" role="button"><div class="oct-button__content">No</div></button></div></div></div></div></div></div></div><div id="entitledItem_3002645" style="display: none;">[ { "catentry_id" : 3002646, "Attributes" : { }, "ItemImage" :
          "/wcsstore/eBootsStorefrontAssetStore/images/NoImageIcon.jpg",
          "ItemImage467" :
          "/wcsstore/eBootsStorefrontAssetStore/images/NoImageIcon.jpg",
          "ItemThumbnailImage" :
          "/wcsstore/eBootsStorefrontAssetStore/images/NoImageIcon_sm.jpg" } ]</div></div></div></div></div></div><div data-testid="cell" class="oct-grid__cell oct-grid__cell--width-3 oct-grid__cell--small-6 oct-grid__cell--medium-small-4 oct-grid__cell--medium-4 oct-grid__cell--medium-large-4 oct-listers-hits__item hit oct-listers__item--with-inGrid" data-insights-position="14" data-insights-query-id="9e35482c34e960965eebfb9265ec00be" data-insights-object-id="3050097" data-productid="10353282.P"><div class="oct-teaser-wrapper oct-teaser-with-basket oct-teaser-with-basket--productTile oct-teaser-with-lister-basket oct-teaser--listers oct-teaser--listers-default"><div class="oct-teaser oct-teaser--theme-productTile oct-teaser--border" style="text-align: left;"><div class="oct-teaser__promotion-offer-roundel-wrapper"></div><div class="oct-add-to-favorites" tabindex="0" role="checkbox" aria-checked="false" aria-label="Add item to favourites"><span class="oct-add-to-favorites__icon"></span></div><div class="oct-teaser__contents oct-teaser__contents--only-foreground-image"><div class="oct-teaser__contents-panel oct-teaser__contents-panel"><div class="oct-teaser__contents-panel--main-content"><div><img src="data:image/svg+xml;base64,PHN2ZyB4bWxucz0iaHR0cDovL3d3dy53My5vcmcvMjAwMC9zdmciIHdpZHRoPSIzMjUiIGhlaWdodD0iMzI1Ij48cmVjdCB3aWR0aD0iMTAwJSIgaGVpZ2h0PSIxMDAlIiBzdHlsZT0iZmlsbDojZjJmMmYyIi8+PC9zdmc+" alt="test" class="oct-image oct-teaser__contents-panel__logo oct-teaser__contents-panel__logo--small oct-image--lazy" data-testid="lazy-image" decoding="async" loading="lazy"></div><a href="https://www.boots.com/boots-skin-clear-with-salicylic-acid-exfoliating-face-pads-60s-10353282" class="oct-link oct-link--theme-text oct-color--boots-blue oct-teaser__title-link" aria-label="" title="Boots Skin Clear with Salicylic Acid Exfoliating Face Pads 60s"><h3 class="oct-text oct-text--standard oct-text--size_m oct-aem-text oct-aem-text--h3--variant-1 oct-teaser__subtitle" data-testid="text">none</h3><div><h3 class="oct-text oct-text--standard oct-text--size_m oct-aem-text oct-aem-text--h3--variant-2 oct-teaser__title oct-teaser-with-listers" data-testid="text">Boots Skin Clear with Salicylic Acid Exfoliating Face Pads 60s</h3></div></a><div class="oct-reviews__reviews-container" aria-label=""><div class="oct-reviews"><div class="oct-reviews__icons" data-testid="reviews__icons"><span><svg xmlns="http://www.w3.org/2000/svg" width="10" height="20" viewBox="0 0 10 20" class="oct-icon" aria-hidden="true" aria-label="" style="height: 14px; width: auto; fill: rgb(255, 204, 0);"><g clip-path="url(#3b8wbmf19a)" transform="translate(-202 -2221)"><g clip-path="url(#n79ah32ilb)" transform="translate(202 2221)"><g clip-path="url(#h1bi9j7dcc)" transform="translate(1.25 2.5)"><path stroke="#767676" stroke-miterlimit="5" d="m8.75 12.188-5.143 2.51.982-5.318L.43 5.614l5.75-.776L8.75 0l2.572 4.838 5.75.776L12.91 9.38l.982 5.318-5.143-2.51z"></path></g></g></g></svg><svg xmlns="http://www.w3.org/2000/svg" width="10" height="20" viewBox="0 0 10 20" class="oct-icon" aria-hidden="true" aria-label="" style="height: 14px; width: auto; fill: rgb(255, 204, 0);"><g clip-path="url(#7gjj25igta)" transform="translate(-232 -2221)"><g clip-path="url(#dvqif6313b)" transform="translate(232 2221)"><g clip-path="url(#6r7ozri4zc)" transform="translate(-8.75 2.5)"><path stroke="#767676" stroke-miterlimit="5" d="m8.75 12.188-5.143 2.51.982-5.318L.43 5.614l5.75-.776L8.75 0l2.572 4.838 5.75.776L12.91 9.38l.982 5.318-5.143-2.51z"></path></g></g></g></svg></span><span><svg xmlns="http://www.w3.org/2000/svg" width="10" height="20" viewBox="0 0 10 20" class="oct-icon" aria-hidden="true" aria-label="" style="height: 14px; width: auto; fill: rgb(255, 204, 0);"><g clip-path="url(#3b8wbmf19a)" transform="translate(-202 -2221)"><g clip-path="url(#n79ah32ilb)" transform="translate(202 2221)"><g clip-path="url(#h1bi9j7dcc)" transform="translate(1.25 2.5)"><path stroke="#767676" stroke-miterlimit="5" d="m8.75 12.188-5.143 2.51.982-5.318L.43 5.614l5.75-.776L8.75 0l2.572 4.838 5.75.776L12.91 9.38l.982 5.318-5.143-2.51z"></path></g></g></g></svg><svg xmlns="http://www.w3.org/2000/svg" width="10" height="20" viewBox="0 0 10 20" class="oct-icon" aria-hidden="true" aria-label="" style="height: 14px; width: auto; fill: rgb(255, 204, 0);"><g clip-path="url(#7gjj25igta)" transform="translate(-232 -2221)"><g clip-path="url(#dvqif6313b)" transform="translate(232 2221)"><g clip-path="url(#6r7ozri4zc)" transform="translate(-8.75 2.5)"><path stroke="#767676" stroke-miterlimit="5" d="m8.75 12.188-5.143 2.51.982-5.318L.43 5.614l5.75-.776L8.75 0l2.572 4.838 5.75.776L12.91 9.38l.982 5.318-5.143-2.51z"></path></g></g></g></svg></span><span><svg xmlns="http://www.w3.org/2000/svg" width="10" height="20" viewBox="0 0 10 20" class="oct-icon" aria-hidden="true" aria-label="" style="height: 14px; width: auto; fill: rgb(255, 204, 0);"><g clip-path="url(#3b8wbmf19a)" transform="translate(-202 -2221)"><g clip-path="url(#n79ah32ilb)" transform="translate(202 2221)"><g clip-path="url(#h1bi9j7dcc)" transform="translate(1.25 2.5)"><path stroke="#767676" stroke-miterlimit="5" d="m8.75 12.188-5.143 2.51.982-5.318L.43 5.614l5.75-.776L8.75 0l2.572 4.838 5.75.776L12.91 9.38l.982 5.318-5.143-2.51z"></path></g></g></g></svg><svg xmlns="http://www.w3.org/2000/svg" width="10" height="20" viewBox="0 0 10 20" class="oct-icon" aria-hidden="true" aria-label="" style="height: 14px; width: auto; fill: rgb(255, 204, 0);"><g clip-path="url(#7gjj25igta)" transform="translate(-232 -2221)"><g clip-path="url(#dvqif6313b)" transform="translate(232 2221)"><g clip-path="url(#6r7ozri4zc)" transform="translate(-8.75 2.5)"><path stroke="#767676" stroke-miterlimit="5" d="m8.75 12.188-5.143 2.51.982-5.318L.43 5.614l5.75-.776L8.75 0l2.572 4.838 5.75.776L12.91 9.38l.982 5.318-5.143-2.51z"></path></g></g></g></svg></span><span><svg xmlns="http://www.w3.org/2000/svg" width="10" height="20" viewBox="0 0 10 20" class="oct-icon" aria-hidden="true" aria-label="" style="height: 14px; width: auto; fill: rgb(255, 204, 0);"><g clip-path="url(#3b8wbmf19a)" transform="translate(-202 -2221)"><g clip-path="url(#n79ah32ilb)" transform="translate(202 2221)"><g clip-path="url(#h1bi9j7dcc)" transform="translate(1.25 2.5)"><path stroke="#767676" stroke-miterlimit="5" d="m8.75 12.188-5.143 2.51.982-5.318L.43 5.614l5.75-.776L8.75 0l2.572 4.838 5.75.776L12.91 9.38l.982 5.318-5.143-2.51z"></path></g></g></g></svg><svg xmlns="http://www.w3.org/2000/svg" width="10" height="20" viewBox="0 0 10 20" class="oct-icon" aria-hidden="true" aria-label="" style="height: 14px; width: auto; fill: rgb(255, 204, 0);"><g clip-path="url(#7gjj25igta)" transform="translate(-232 -2221)"><g clip-path="url(#dvqif6313b)" transform="translate(232 2221)"><g clip-path="url(#6r7ozri4zc)" transform="translate(-8.75 2.5)"><path stroke="#767676" stroke-miterlimit="5" d="m8.75 12.188-5.143 2.51.982-5.318L.43 5.614l5.75-.776L8.75 0l2.572 4.838 5.75.776L12.91 9.38l.982 5.318-5.143-2.51z"></path></g></g></g></svg></span><span><svg xmlns="http://www.w3.org/2000/svg" width="10" height="20" viewBox="0 0 10 20" class="oct-icon" aria-hidden="true" aria-label="" style="height: 14px; width: auto; fill: rgb(255, 204, 0);"><g clip-path="url(#3b8wbmf19a)" transform="translate(-202 -2221)"><g clip-path="url(#n79ah32ilb)" transform="translate(202 2221)"><g clip-path="url(#h1bi9j7dcc)" transform="translate(1.25 2.5)"><path stroke="#767676" stroke-miterlimit="5" d="m8.75 12.188-5.143 2.51.982-5.318L.43 5.614l5.75-.776L8.75 0l2.572 4.838 5.75.776L12.91 9.38l.982 5.318-5.143-2.51z"></path></g></g></g></svg><svg xmlns="http://www.w3.org/2000/svg" width="10" height="20" viewBox="0 0 10 20" class="oct-icon" aria-hidden="true" aria-label="" style="height: 14px; width: auto; fill: rgb(255, 204, 0);"><g clip-path="url(#7gjj25igta)" transform="translate(-232 -2221)"><g clip-path="url(#dvqif6313b)" transform="translate(232 2221)"><g clip-path="url(#6r7ozri4zc)" transform="translate(-8.75 2.5)"><path stroke="#767676" stroke-miterlimit="5" d="m8.75 12.188-5.143 2.51.982-5.318L.43 5.614l5.75-.776L8.75 0l2.572 4.838 5.75.776L12.91 9.38l.982 5.318-5.143-2.51z"></path></g></g></g></svg></span></div><div class="oct-reviews__optionalText"><a href="https://www.boots.com/boots-skin-clear-with-salicylic-acid-exfoliating-face-pads-60s-10353282#BVRRContainer" class="oct-link oct-link--theme-text oct-color--boots-blue oct-reviews__count" aria-label="5 stars out of 5. 1 reviews"><span class="oct-reviews__optionalTextCount">(1)</span></a></div></div></div><div class="oct-teaser__offer__container" aria-label=""><div class="oct-teaser__wrap"></div></div><div class="oct-teaser__price-wrapper oct-teaser__price-wrapper--current"><div class="oct-teaser__price-col1-wrapper"><p class="oct-text oct-text--standard oct-text--size_m oct-aem-text oct-aem-text--p--variant-subtext oct-teaser__productPrice" data-testid="text">£5.50</p><div class="oct-teaser__product-price-wrapper"></div></div></div><div class="oct-teaser__price-detail-wrapper"><p class="oct-text oct-text--standard oct-text--size_m oct-aem-text oct-aem-text--p--variant-subtext oct-teaser__productPriceDetail" data-testid="text">60UNI | £0.09 per 1UNI</p></div></div><div class="oct-teaser__calls-to-action oct-teaser__calls-to-action--two oct-teaser__calls-to-action--left"></div></div></div><div class="oct-teaser__foreground"><a href="https://www.boots.com/boots-skin-clear-with-salicylic-acid-exfoliating-face-pads-60s-10353282" class="oct-link oct-link--theme-text oct-color--boots-blue oct-teaser-wrapper-link" tabindex="-1" aria-hidden="true" data-promo-creative="25% teaser" data-promo-position=""><div class="oct-image-link-wrapper"><img src="https://boots.scene7.com/is/image/Boots/10353282?op_sharpen=1" alt="Foreground image" class="oct-image oct-image--lazy" data-testid="lazy-image" decoding="async" loading="lazy"></div></a></div><div class="oct-teaser__calls-to-action oct-add-to-basket-callToAction oct-add-to-basket-callToAction--with-lister-basket"><div class="oct-add-to-basket"><div class="oct-input__iconContainer"><div></div><input type="hidden" class="oct-input" id="cmProductName_3050096" autocomplete="off" value="Boots Skin Clear with Salicylic Acid Exfoliating Face Pads 60s (10353282.P)" style=""></div><div class="oct-input__iconContainer"><div></div><input type="hidden" class="oct-input" id="catalogEntry_ID" name="catalogEntry_ID" autocomplete="off" value="3050096" style=""></div><div class="oct-input__iconContainer"><div></div><input type="hidden" class="oct-input" id="dlProductId_3050096" name="dlProductId_3050096" autocomplete="off" value="10353282.P" style=""></div><div class="oct-input__iconContainer"><div></div><input type="hidden" class="oct-input" id="dlProductName_3050096" name="dlProductName_3050096" autocomplete="off" value="Boots Skin Clear with Salicylic Acid Exfoliating Face Pads 60s" style=""></div><div class="oct-input__iconContainer"><div></div><input type="hidden" class="oct-input" id="dlParentCatentryID_10353282.P" name="dlParentCatentryID_10353282.P" autocomplete="off" value="3050096" style=""></div><div class="oct-input__iconContainer"><div></div><input type="hidden" class="oct-input" id="dlPackagePartNumber_3050096" name="dlPackagePartNumber_3050096" autocomplete="off" value="" style=""></div><div class="oct-add-to-basket__product_info-container"><div class="oct-add-to-basket__product_add noQuickBuy"><div class="oct-add-to-basket__quickBuySLPContainer quickBuySLPContainer"></div><div class="oct-add-to-basket__shopperActions shopperActions oct-add-to-basket__plp_shopperActions_redesign plp_shopperActions_redesign" id="shopperActionsRedesign3050096"><p class="oct-text oct-text--standard oct-text--size_m oct-aem-text oct-aem-text--p--variant-1 oct-add-to-basket__qty-errorMax qty_errorMax" data-testid="text" id="quantity_msg_3050096">Maximum quantity reached</p><div class="oct-add-to-basket__quantity-section quantity_section quantity_section_redesign" id="quantity_section_3050096"><button data-testid="button" class="oct-button oct-button--ellipses oct-button--cta oct-button--cta-default oct-button--cta-default-primaryTransparent oct-button--cta-default-responsive oct-aem-cta oct-add-to-basket__minus-quantity plus_quantity_disabled minus_quantity_redesign plus_quantity_disabled_redesign control-buttons oct-button--cta-midnight-blue-primary" to="" id="desreseQty_3050096" aria-label="Decrease Quantity Boots Skin Clear with Salicylic Acid Exfoliating Face Pads 60s" aria-hidden="false" data-icon="–"><div class="oct-button__content"></div></button><div class="oct-input__iconContainer"><div></div><input type="text" class="oct-input oct-add-to-basket__quantity-input quantity_input quantity_input_redesign" aria-label="quantity" name="quantity_$3050096" id="quantity_3050096" readonly="" maxlength="2" tabindex="-1" value="1" style=""></div><button data-testid="button" class="oct-button oct-button--ellipses oct-button--cta oct-button--cta-default oct-button--cta-default-primaryTransparent oct-button--cta-default-responsive oct-aem-cta oct-add-to-basket__plus-quantity plus_quantity plus_quantity_redesign control-buttons oct-button--cta-midnight-blue-primary" to="" id="increseQty_3050096" aria-label="Increase Quantity Boots Skin Clear with Salicylic Acid Exfoliating Face Pads 60s" aria-hidden="false" data-icon="+"><div class="oct-button__content"></div></button><div class="oct-add-to-basket__quantity-label quantity_label">in your basket</div></div><div class="oct-input__iconContainer"><div></div><input type="hidden" class="oct-input" name="freeGiftId_3050096" id="freeGiftId_3050096" value="" style=""></div><button data-testid="button" class="oct-button oct-button--ellipses oct-button--cta oct-button--cta-default oct-button--cta-default-primaryTransparent oct-button--cta-default-responsive oct-aem-cta oct-add-to-basket_button oct-button--cta-midnight-blue-primary" to="" id="add2CartBtn_3050096" eeindex="2" data-shop5="" aria-label="Add Boots Skin Clear with Salicylic Acid Exfoliating Face Pads 60s to basket"><div class="oct-button__content"><span class="oct-add-to-basket_button_text button_text button_text_redesign">Add to basket</span></div></button><div class="oct-input__iconContainer"><div></div><input type="hidden" class="oct-input" id="lister_orderItemId_3050096" name="lister_orderItemId" value="" style=""></div><div class="oct-input__iconContainer"><div></div><input type="hidden" class="oct-input" id="lister_orderItemQty_3050096" name="lister_orderItemId" value="0" style=""></div><div class="oct-add-to-basket--overlay" data-testid="oct-add-to-basket"><div class="oct-add-to-basket__overlay-popup oct-overlay-popup" id="basket_confirmation_popup_overlay"></div><div id="basket_confirmation_overlay_3050096" class="oct-add-to-basket__overlay-popup__dialog" style="display: none;"><div class="oct-add-to-basket__overlay-focus" role="dialog" aria-labelledby="3050096-dialog-message"><p class="oct-text oct-text--standard oct-text--size_m oct-aem-text oct-aem-text--p--variant-1 oct-add-to-basket__text" data-testid="text" id="3050096-dialog-message">Are you sure you want to remove this product?</p><a class="oct-link oct-link--theme-text oct-color--boots-blue oct-add-to-basket__close-btn" tabindex="0" title="Close overlay" role="button" aria-label="Close overlay">x</a><div class="row"><button data-testid="button" class="oct-button oct-button--default oct-button--default-default oct-button--default-default-responsive oct-add-to-basket__button-secondary oct-add-to-basket__button button" role="button"><div class="oct-button__content">Yes</div></button><button data-testid="button" class="oct-button oct-button--default oct-button--default-default oct-button--default-default-responsive oct-add-to-basket__button-tertiary oct-add-to-basket__button button" role="button"><div class="oct-button__content">No</div></button></div></div></div></div></div></div></div><div id="entitledItem_3050096" style="display: none;">[ { "catentry_id" : 3050097, "Attributes" : { }, "ItemImage" :
          "/wcsstore/eBootsStorefrontAssetStore/images/NoImageIcon.jpg",
          "ItemImage467" :
          "/wcsstore/eBootsStorefrontAssetStore/images/NoImageIcon.jpg",
          "ItemThumbnailImage" :
          "/wcsstore/eBootsStorefrontAssetStore/images/NoImageIcon_sm.jpg" } ]</div></div></div></div></div></div><div data-testid="cell" class="oct-grid__cell oct-grid__cell--width-3 oct-grid__cell--small-6 oct-grid__cell--medium-small-4 oct-grid__cell--medium-4 oct-grid__cell--medium-large-4 oct-listers-hits__item hit oct-listers__item--with-inGrid" data-insights-position="15" data-insights-query-id="9e35482c34e960965eebfb9265ec00be" data-insights-object-id="3095593" data-productid="10359815.P"><div class="oct-teaser-wrapper oct-teaser-with-basket oct-teaser-with-basket--productTile oct-teaser-with-lister-basket oct-teaser--listers oct-teaser--listers-default"><div class="oct-teaser oct-teaser--theme-productTile oct-teaser--border" style="text-align: left;"><div class="oct-teaser__promotion-offer-roundel-wrapper"><div class="oct-teaser__promotion-offer-roundel-item oct-teaser__promotion-offer-roundel-item--offer" aria-label="Item on offer" role="img">Offer</div></div><div class="oct-add-to-favorites" tabindex="0" role="checkbox" aria-checked="false" aria-label="Add item to favourites"><span class="oct-add-to-favorites__icon"></span></div><div class="oct-teaser__contents oct-teaser__contents--only-foreground-image"><div class="oct-teaser__contents-panel oct-teaser__contents-panel"><div class="oct-teaser__contents-panel--main-content"><div><img src="data:image/svg+xml;base64,PHN2ZyB4bWxucz0iaHR0cDovL3d3dy53My5vcmcvMjAwMC9zdmciIHdpZHRoPSIzMjUiIGhlaWdodD0iMzI1Ij48cmVjdCB3aWR0aD0iMTAwJSIgaGVpZ2h0PSIxMDAlIiBzdHlsZT0iZmlsbDojZjJmMmYyIi8+PC9zdmc+" alt="test" class="oct-image oct-teaser__contents-panel__logo oct-teaser__contents-panel__logo--small oct-image--lazy" data-testid="lazy-image" decoding="async" loading="lazy"></div><a href="https://www.boots.com/tirtir-milk-skin-toner-150ml-10359815" class="oct-link oct-link--theme-text oct-color--boots-blue oct-teaser__title-link" aria-label="" title="TIRTIR Milk Skin Toner 150ml"><h3 class="oct-text oct-text--standard oct-text--size_m oct-aem-text oct-aem-text--h3--variant-1 oct-teaser__subtitle" data-testid="text">none</h3><div><h3 class="oct-text oct-text--standard oct-text--size_m oct-aem-text oct-aem-text--h3--variant-2 oct-teaser__title oct-teaser-with-listers" data-testid="text">TIRTIR Milk Skin Toner 150ml</h3></div></a><div class="oct-reviews__reviews-container" aria-label=""><div class="oct-reviews"><div class="oct-reviews__icons" data-testid="reviews__icons"><span><svg xmlns="http://www.w3.org/2000/svg" width="10" height="20" viewBox="0 0 10 20" class="oct-icon" aria-hidden="true" aria-label="" style="height: 14px; width: auto; fill: rgb(255, 204, 0);"><g clip-path="url(#3b8wbmf19a)" transform="translate(-202 -2221)"><g clip-path="url(#n79ah32ilb)" transform="translate(202 2221)"><g clip-path="url(#h1bi9j7dcc)" transform="translate(1.25 2.5)"><path stroke="#767676" stroke-miterlimit="5" d="m8.75 12.188-5.143 2.51.982-5.318L.43 5.614l5.75-.776L8.75 0l2.572 4.838 5.75.776L12.91 9.38l.982 5.318-5.143-2.51z"></path></g></g></g></svg><svg xmlns="http://www.w3.org/2000/svg" width="10" height="20" viewBox="0 0 10 20" class="oct-icon" aria-hidden="true" aria-label="" style="height: 14px; width: auto; fill: rgb(255, 204, 0);"><g clip-path="url(#7gjj25igta)" transform="translate(-232 -2221)"><g clip-path="url(#dvqif6313b)" transform="translate(232 2221)"><g clip-path="url(#6r7ozri4zc)" transform="translate(-8.75 2.5)"><path stroke="#767676" stroke-miterlimit="5" d="m8.75 12.188-5.143 2.51.982-5.318L.43 5.614l5.75-.776L8.75 0l2.572 4.838 5.75.776L12.91 9.38l.982 5.318-5.143-2.51z"></path></g></g></g></svg></span><span><svg xmlns="http://www.w3.org/2000/svg" width="10" height="20" viewBox="0 0 10 20" class="oct-icon" aria-hidden="true" aria-label="" style="height: 14px; width: auto; fill: rgb(255, 204, 0);"><g clip-path="url(#3b8wbmf19a)" transform="translate(-202 -2221)"><g clip-path="url(#n79ah32ilb)" transform="translate(202 2221)"><g clip-path="url(#h1bi9j7dcc)" transform="translate(1.25 2.5)"><path stroke="#767676" stroke-miterlimit="5" d="m8.75 12.188-5.143 2.51.982-5.318L.43 5.614l5.75-.776L8.75 0l2.572 4.838 5.75.776L12.91 9.38l.982 5.318-5.143-2.51z"></path></g></g></g></svg><svg xmlns="http://www.w3.org/2000/svg" width="10" height="20" viewBox="0 0 10 20" class="oct-icon" aria-hidden="true" aria-label="" style="height: 14px; width: auto; fill: rgb(255, 204, 0);"><g clip-path="url(#7gjj25igta)" transform="translate(-232 -2221)"><g clip-path="url(#dvqif6313b)" transform="translate(232 2221)"><g clip-path="url(#6r7ozri4zc)" transform="translate(-8.75 2.5)"><path stroke="#767676" stroke-miterlimit="5" d="m8.75 12.188-5.143 2.51.982-5.318L.43 5.614l5.75-.776L8.75 0l2.572 4.838 5.75.776L12.91 9.38l.982 5.318-5.143-2.51z"></path></g></g></g></svg></span><span><svg xmlns="http://www.w3.org/2000/svg" width="10" height="20" viewBox="0 0 10 20" class="oct-icon" aria-hidden="true" aria-label="" style="height: 14px; width: auto; fill: rgb(255, 204, 0);"><g clip-path="url(#3b8wbmf19a)" transform="translate(-202 -2221)"><g clip-path="url(#n79ah32ilb)" transform="translate(202 2221)"><g clip-path="url(#h1bi9j7dcc)" transform="translate(1.25 2.5)"><path stroke="#767676" stroke-miterlimit="5" d="m8.75 12.188-5.143 2.51.982-5.318L.43 5.614l5.75-.776L8.75 0l2.572 4.838 5.75.776L12.91 9.38l.982 5.318-5.143-2.51z"></path></g></g></g></svg><svg xmlns="http://www.w3.org/2000/svg" width="10" height="20" viewBox="0 0 10 20" class="oct-icon" aria-hidden="true" aria-label="" style="height: 14px; width: auto; fill: rgb(255, 204, 0);"><g clip-path="url(#7gjj25igta)" transform="translate(-232 -2221)"><g clip-path="url(#dvqif6313b)" transform="translate(232 2221)"><g clip-path="url(#6r7ozri4zc)" transform="translate(-8.75 2.5)"><path stroke="#767676" stroke-miterlimit="5" d="m8.75 12.188-5.143 2.51.982-5.318L.43 5.614l5.75-.776L8.75 0l2.572 4.838 5.75.776L12.91 9.38l.982 5.318-5.143-2.51z"></path></g></g></g></svg></span><span><svg xmlns="http://www.w3.org/2000/svg" width="10" height="20" viewBox="0 0 10 20" class="oct-icon" aria-hidden="true" aria-label="" style="height: 14px; width: auto; fill: rgb(255, 204, 0);"><g clip-path="url(#3b8wbmf19a)" transform="translate(-202 -2221)"><g clip-path="url(#n79ah32ilb)" transform="translate(202 2221)"><g clip-path="url(#h1bi9j7dcc)" transform="translate(1.25 2.5)"><path stroke="#767676" stroke-miterlimit="5" d="m8.75 12.188-5.143 2.51.982-5.318L.43 5.614l5.75-.776L8.75 0l2.572 4.838 5.75.776L12.91 9.38l.982 5.318-5.143-2.51z"></path></g></g></g></svg><svg xmlns="http://www.w3.org/2000/svg" width="10" height="20" viewBox="0 0 10 20" class="oct-icon" aria-hidden="true" aria-label="" style="height: 14px; width: auto; fill: rgb(255, 204, 0);"><g clip-path="url(#7gjj25igta)" transform="translate(-232 -2221)"><g clip-path="url(#dvqif6313b)" transform="translate(232 2221)"><g clip-path="url(#6r7ozri4zc)" transform="translate(-8.75 2.5)"><path stroke="#767676" stroke-miterlimit="5" d="m8.75 12.188-5.143 2.51.982-5.318L.43 5.614l5.75-.776L8.75 0l2.572 4.838 5.75.776L12.91 9.38l.982 5.318-5.143-2.51z"></path></g></g></g></svg></span><span><svg xmlns="http://www.w3.org/2000/svg" width="10" height="20" viewBox="0 0 10 20" class="oct-icon" aria-hidden="true" aria-label="" style="height: 14px; width: auto; fill: rgb(255, 204, 0);"><g clip-path="url(#3b8wbmf19a)" transform="translate(-202 -2221)"><g clip-path="url(#n79ah32ilb)" transform="translate(202 2221)"><g clip-path="url(#h1bi9j7dcc)" transform="translate(1.25 2.5)"><path stroke="#767676" stroke-miterlimit="5" d="m8.75 12.188-5.143 2.51.982-5.318L.43 5.614l5.75-.776L8.75 0l2.572 4.838 5.75.776L12.91 9.38l.982 5.318-5.143-2.51z"></path></g></g></g></svg><svg xmlns="http://www.w3.org/2000/svg" width="10" height="20" viewBox="0 0 10 20" class="oct-icon" aria-hidden="true" aria-label="" style="height: 14px; width: auto; fill: rgb(255, 204, 0);"><g clip-path="url(#7gjj25igta)" transform="translate(-232 -2221)"><g clip-path="url(#dvqif6313b)" transform="translate(232 2221)"><g clip-path="url(#6r7ozri4zc)" transform="translate(-8.75 2.5)"><path stroke="#767676" stroke-miterlimit="5" d="m8.75 12.188-5.143 2.51.982-5.318L.43 5.614l5.75-.776L8.75 0l2.572 4.838 5.75.776L12.91 9.38l.982 5.318-5.143-2.51z"></path></g></g></g></svg></span></div><div class="oct-reviews__optionalText"><a href="https://www.boots.com/tirtir-milk-skin-toner-150ml-10359815#BVRRContainer" class="oct-link oct-link--theme-text oct-color--boots-blue oct-reviews__count" aria-label="5 stars out of 5. 1 reviews"><span class="oct-reviews__optionalTextCount">(1)</span></a></div></div></div><div class="oct-teaser__offer__container" aria-label=""><div class="oct-teaser__wrap"><button data-testid="button" class="oct-button oct-button--ellipses oct-button--cta oct-button--cta-default oct-button--cta-default-responsive oct-teaser__offer oct-teaser__offer--isAvailable oct-button--cta-custom" aria-label="Save up to 25 percent on selected makeup"><div class="oct-button__content">Save up to 25 percent on selected makeup</div></button></div></div><div class="oct-teaser__price-wrapper oct-teaser__price-wrapper--saving oct-teaser__price-wrapper--current"><div class="oct-teaser__price-col1-wrapper"><p class="oct-text oct-text--standard oct-text--size_m oct-aem-text oct-aem-text--p--variant-subtext oct-teaser__productPrice" data-testid="text">£21.25</p><div class="oct-teaser__product-price-wrapper"><p class="oct-text oct-text--standard oct-text--size_m oct-aem-text oct-aem-text--p--variant-subtext oct-teaser__productPriceSave" data-testid="text">Save £3.75</p></div><p class="oct-text oct-text--standard oct-text--size_m oct-aem-text oct-aem-text--p--variant-subtext oct-teaser__productPriceWas" data-testid="text">Was £25.00</p></div></div><div class="oct-teaser__price-detail-wrapper"><p class="oct-text oct-text--standard oct-text--size_m oct-aem-text oct-aem-text--p--variant-subtext oct-teaser__productPriceDetail" data-testid="text">150ML | £1.42 per 10ML</p></div></div><div class="oct-teaser__calls-to-action oct-teaser__calls-to-action--two oct-teaser__calls-to-action--left"></div></div></div><div class="oct-teaser__foreground"><a href="https://www.boots.com/tirtir-milk-skin-toner-150ml-10359815" class="oct-link oct-link--theme-text oct-color--boots-blue oct-teaser-wrapper-link" tabindex="-1" aria-hidden="true" data-promo-creative="25% teaser" data-promo-position=""><div class="oct-image-link-wrapper"><img src="https://boots.scene7.com/is/image/Boots/10359815?op_sharpen=1" alt="Foreground image" class="oct-image oct-image--lazy" data-testid="lazy-image" decoding="async" loading="lazy"></div></a></div><div class="oct-teaser__calls-to-action oct-add-to-basket-callToAction oct-add-to-basket-callToAction--with-lister-basket"><div class="oct-add-to-basket"><div class="oct-input__iconContainer"><div></div><input type="hidden" class="oct-input" id="cmProductName_3095592" autocomplete="off" value="TIRTIR Milk Skin Toner 150ml (10359815.P)" style=""></div><div class="oct-input__iconContainer"><div></div><input type="hidden" class="oct-input" id="catalogEntry_ID" name="catalogEntry_ID" autocomplete="off" value="3095592" style=""></div><div class="oct-input__iconContainer"><div></div><input type="hidden" class="oct-input" id="dlProductId_3095592" name="dlProductId_3095592" autocomplete="off" value="10359815.P" style=""></div><div class="oct-input__iconContainer"><div></div><input type="hidden" class="oct-input" id="dlProductName_3095592" name="dlProductName_3095592" autocomplete="off" value="TIRTIR Milk Skin Toner 150ml" style=""></div><div class="oct-input__iconContainer"><div></div><input type="hidden" class="oct-input" id="dlParentCatentryID_10359815.P" name="dlParentCatentryID_10359815.P" autocomplete="off" value="3095592" style=""></div><div class="oct-input__iconContainer"><div></div><input type="hidden" class="oct-input" id="dlPackagePartNumber_3095592" name="dlPackagePartNumber_3095592" autocomplete="off" value="" style=""></div><div class="oct-add-to-basket__product_info-container"><div class="oct-add-to-basket__product_add noQuickBuy"><div class="oct-add-to-basket__quickBuySLPContainer quickBuySLPContainer"></div><div class="oct-add-to-basket__shopperActions shopperActions oct-add-to-basket__plp_shopperActions_redesign plp_shopperActions_redesign" id="shopperActionsRedesign3095592"><p class="oct-text oct-text--standard oct-text--size_m oct-aem-text oct-aem-text--p--variant-1 oct-add-to-basket__qty-errorMax qty_errorMax" data-testid="text" id="quantity_msg_3095592">Maximum quantity reached</p><div class="oct-add-to-basket__quantity-section quantity_section quantity_section_redesign" id="quantity_section_3095592"><button data-testid="button" class="oct-button oct-button--ellipses oct-button--cta oct-button--cta-default oct-button--cta-default-primaryTransparent oct-button--cta-default-responsive oct-aem-cta oct-add-to-basket__minus-quantity plus_quantity_disabled minus_quantity_redesign plus_quantity_disabled_redesign control-buttons oct-button--cta-midnight-blue-primary" to="" id="desreseQty_3095592" aria-label="Decrease Quantity TIRTIR Milk Skin Toner 150ml" aria-hidden="false" data-icon="–"><div class="oct-button__content"></div></button><div class="oct-input__iconContainer"><div></div><input type="text" class="oct-input oct-add-to-basket__quantity-input quantity_input quantity_input_redesign" aria-label="quantity" name="quantity_$3095592" id="quantity_3095592" readonly="" maxlength="2" tabindex="-1" value="1" style=""></div><button data-testid="button" class="oct-button oct-button--ellipses oct-button--cta oct-button--cta-default oct-button--cta-default-primaryTransparent oct-button--cta-default-responsive oct-aem-cta oct-add-to-basket__plus-quantity plus_quantity plus_quantity_redesign control-buttons oct-button--cta-midnight-blue-primary" to="" id="increseQty_3095592" aria-label="Increase Quantity TIRTIR Milk Skin Toner 150ml" aria-hidden="false" data-icon="+"><div class="oct-button__content"></div></button><div class="oct-add-to-basket__quantity-label quantity_label">in your basket</div></div><div class="oct-input__iconContainer"><div></div><input type="hidden" class="oct-input" name="freeGiftId_3095592" id="freeGiftId_3095592" value="" style=""></div><button data-testid="button" class="oct-button oct-button--ellipses oct-button--cta oct-button--cta-default oct-button--cta-default-primaryTransparent oct-button--cta-default-responsive oct-aem-cta oct-add-to-basket_button oct-button--cta-midnight-blue-primary" to="" id="add2CartBtn_3095592" eeindex="2" data-shop5="" aria-label="Add TIRTIR Milk Skin Toner 150ml to basket"><div class="oct-button__content"><span class="oct-add-to-basket_button_text button_text button_text_redesign">Add to basket</span></div></button><div class="oct-input__iconContainer"><div></div><input type="hidden" class="oct-input" id="lister_orderItemId_3095592" name="lister_orderItemId" value="" style=""></div><div class="oct-input__iconContainer"><div></div><input type="hidden" class="oct-input" id="lister_orderItemQty_3095592" name="lister_orderItemId" value="0" style=""></div><div class="oct-add-to-basket--overlay" data-testid="oct-add-to-basket"><div class="oct-add-to-basket__overlay-popup oct-overlay-popup" id="basket_confirmation_popup_overlay"></div><div id="basket_confirmation_overlay_3095592" class="oct-add-to-basket__overlay-popup__dialog" style="display: none;"><div class="oct-add-to-basket__overlay-focus" role="dialog" aria-labelledby="3095592-dialog-message"><p class="oct-text oct-text--standard oct-text--size_m oct-aem-text oct-aem-text--p--variant-1 oct-add-to-basket__text" data-testid="text" id="3095592-dialog-message">Are you sure you want to remove this product?</p><a class="oct-link oct-link--theme-text oct-color--boots-blue oct-add-to-basket__close-btn" tabindex="0" title="Close overlay" role="button" aria-label="Close overlay">x</a><div class="row"><button data-testid="button" class="oct-button oct-button--default oct-button--default-default oct-button--default-default-responsive oct-add-to-basket__button-secondary oct-add-to-basket__button button" role="button"><div class="oct-button__content">Yes</div></button><button data-testid="button" class="oct-button oct-button--default oct-button--default-default oct-button--default-default-responsive oct-add-to-basket__button-tertiary oct-add-to-basket__button button" role="button"><div class="oct-button__content">No</div></button></div></div></div></div></div></div></div><div id="entitledItem_3095592" style="display: none;">[ { "catentry_id" : 3095593, "Attributes" : { }, "ItemImage" :
          "/wcsstore/eBootsStorefrontAssetStore/images/NoImageIcon.jpg",
          "ItemImage467" :
          "/wcsstore/eBootsStorefrontAssetStore/images/NoImageIcon.jpg",
          "ItemThumbnailImage" :
          "/wcsstore/eBootsStorefrontAssetStore/images/NoImageIcon_sm.jpg" } ]</div></div></div></div></div></div><div data-testid="cell" class="oct-grid__cell oct-grid__cell--width-3 oct-grid__cell--small-6 oct-grid__cell--medium-small-4 oct-grid__cell--medium-4 oct-grid__cell--medium-large-4 oct-listers-hits__item hit oct-listers__item--with-inGrid" data-insights-position="16" data-insights-query-id="9e35482c34e960965eebfb9265ec00be" data-insights-object-id="2184461" data-productid="10256346.P"><div class="oct-teaser-wrapper oct-teaser-with-basket oct-teaser-with-basket--productTile oct-teaser-with-lister-basket oct-teaser--listers oct-teaser--listers-default"><div class="oct-teaser oct-teaser--theme-productTile oct-teaser--border" style="text-align: left;"><div class="oct-teaser__promotion-offer-roundel-wrapper"><div class="oct-teaser__promotion-offer-roundel-item oct-teaser__promotion-offer-roundel-item--offer" aria-label="Item on offer" role="img">Offer</div></div><div class="oct-add-to-favorites" tabindex="0" role="checkbox" aria-checked="false" aria-label="Add item to favourites"><span class="oct-add-to-favorites__icon"></span></div><div class="oct-teaser__contents oct-teaser__contents--only-foreground-image"><div class="oct-teaser__contents-panel oct-teaser__contents-panel"><div class="oct-teaser__contents-panel--main-content"><div><img src="data:image/svg+xml;base64,PHN2ZyB4bWxucz0iaHR0cDovL3d3dy53My5vcmcvMjAwMC9zdmciIHdpZHRoPSIzMjUiIGhlaWdodD0iMzI1Ij48cmVjdCB3aWR0aD0iMTAwJSIgaGVpZ2h0PSIxMDAlIiBzdHlsZT0iZmlsbDojZjJmMmYyIi8+PC9zdmc+" alt="test" class="oct-image oct-teaser__contents-panel__logo oct-teaser__contents-panel__logo--small oct-image--lazy" data-testid="lazy-image" decoding="async" loading="lazy"></div><a href="https://www.boots.com/pixi-rose-tonic-100-ml-10256346" class="oct-link oct-link--theme-text oct-color--boots-blue oct-teaser__title-link" aria-label="" title="PIXI Rose Tonic - 100ml"><h3 class="oct-text oct-text--standard oct-text--size_m oct-aem-text oct-aem-text--h3--variant-1 oct-teaser__subtitle" data-testid="text">none</h3><div><h3 class="oct-text oct-text--standard oct-text--size_m oct-aem-text oct-aem-text--h3--variant-2 oct-teaser__title oct-teaser-with-listers" data-testid="text">PIXI Rose Tonic - 100ml</h3></div></a><div class="oct-reviews__reviews-container" aria-label=""><div class="oct-reviews"><div class="oct-reviews__icons" data-testid="reviews__icons"><span><svg xmlns="http://www.w3.org/2000/svg" width="10" height="20" viewBox="0 0 10 20" class="oct-icon" aria-hidden="true" aria-label="" style="height: 14px; width: auto; fill: rgb(255, 204, 0);"><g clip-path="url(#3b8wbmf19a)" transform="translate(-202 -2221)"><g clip-path="url(#n79ah32ilb)" transform="translate(202 2221)"><g clip-path="url(#h1bi9j7dcc)" transform="translate(1.25 2.5)"><path stroke="#767676" stroke-miterlimit="5" d="m8.75 12.188-5.143 2.51.982-5.318L.43 5.614l5.75-.776L8.75 0l2.572 4.838 5.75.776L12.91 9.38l.982 5.318-5.143-2.51z"></path></g></g></g></svg><svg xmlns="http://www.w3.org/2000/svg" width="10" height="20" viewBox="0 0 10 20" class="oct-icon" aria-hidden="true" aria-label="" style="height: 14px; width: auto; fill: rgb(255, 204, 0);"><g clip-path="url(#7gjj25igta)" transform="translate(-232 -2221)"><g clip-path="url(#dvqif6313b)" transform="translate(232 2221)"><g clip-path="url(#6r7ozri4zc)" transform="translate(-8.75 2.5)"><path stroke="#767676" stroke-miterlimit="5" d="m8.75 12.188-5.143 2.51.982-5.318L.43 5.614l5.75-.776L8.75 0l2.572 4.838 5.75.776L12.91 9.38l.982 5.318-5.143-2.51z"></path></g></g></g></svg></span><span><svg xmlns="http://www.w3.org/2000/svg" width="10" height="20" viewBox="0 0 10 20" class="oct-icon" aria-hidden="true" aria-label="" style="height: 14px; width: auto; fill: rgb(255, 204, 0);"><g clip-path="url(#3b8wbmf19a)" transform="translate(-202 -2221)"><g clip-path="url(#n79ah32ilb)" transform="translate(202 2221)"><g clip-path="url(#h1bi9j7dcc)" transform="translate(1.25 2.5)"><path stroke="#767676" stroke-miterlimit="5" d="m8.75 12.188-5.143 2.51.982-5.318L.43 5.614l5.75-.776L8.75 0l2.572 4.838 5.75.776L12.91 9.38l.982 5.318-5.143-2.51z"></path></g></g></g></svg><svg xmlns="http://www.w3.org/2000/svg" width="10" height="20" viewBox="0 0 10 20" class="oct-icon" aria-hidden="true" aria-label="" style="height: 14px; width: auto; fill: rgb(255, 204, 0);"><g clip-path="url(#7gjj25igta)" transform="translate(-232 -2221)"><g clip-path="url(#dvqif6313b)" transform="translate(232 2221)"><g clip-path="url(#6r7ozri4zc)" transform="translate(-8.75 2.5)"><path stroke="#767676" stroke-miterlimit="5" d="m8.75 12.188-5.143 2.51.982-5.318L.43 5.614l5.75-.776L8.75 0l2.572 4.838 5.75.776L12.91 9.38l.982 5.318-5.143-2.51z"></path></g></g></g></svg></span><span><svg xmlns="http://www.w3.org/2000/svg" width="10" height="20" viewBox="0 0 10 20" class="oct-icon" aria-hidden="true" aria-label="" style="height: 14px; width: auto; fill: rgb(255, 204, 0);"><g clip-path="url(#3b8wbmf19a)" transform="translate(-202 -2221)"><g clip-path="url(#n79ah32ilb)" transform="translate(202 2221)"><g clip-path="url(#h1bi9j7dcc)" transform="translate(1.25 2.5)"><path stroke="#767676" stroke-miterlimit="5" d="m8.75 12.188-5.143 2.51.982-5.318L.43 5.614l5.75-.776L8.75 0l2.572 4.838 5.75.776L12.91 9.38l.982 5.318-5.143-2.51z"></path></g></g></g></svg><svg xmlns="http://www.w3.org/2000/svg" width="10" height="20" viewBox="0 0 10 20" class="oct-icon" aria-hidden="true" aria-label="" style="height: 14px; width: auto; fill: rgb(255, 204, 0);"><g clip-path="url(#7gjj25igta)" transform="translate(-232 -2221)"><g clip-path="url(#dvqif6313b)" transform="translate(232 2221)"><g clip-path="url(#6r7ozri4zc)" transform="translate(-8.75 2.5)"><path stroke="#767676" stroke-miterlimit="5" d="m8.75 12.188-5.143 2.51.982-5.318L.43 5.614l5.75-.776L8.75 0l2.572 4.838 5.75.776L12.91 9.38l.982 5.318-5.143-2.51z"></path></g></g></g></svg></span><span><svg xmlns="http://www.w3.org/2000/svg" width="10" height="20" viewBox="0 0 10 20" class="oct-icon" aria-hidden="true" aria-label="" style="height: 14px; width: auto; fill: rgb(255, 204, 0);"><g clip-path="url(#3b8wbmf19a)" transform="translate(-202 -2221)"><g clip-path="url(#n79ah32ilb)" transform="translate(202 2221)"><g clip-path="url(#h1bi9j7dcc)" transform="translate(1.25 2.5)"><path stroke="#767676" stroke-miterlimit="5" d="m8.75 12.188-5.143 2.51.982-5.318L.43 5.614l5.75-.776L8.75 0l2.572 4.838 5.75.776L12.91 9.38l.982 5.318-5.143-2.51z"></path></g></g></g></svg><svg xmlns="http://www.w3.org/2000/svg" width="10" height="20" viewBox="0 0 10 20" class="oct-icon" aria-hidden="true" aria-label="" style="height: 14px; width: auto; fill: rgb(255, 204, 0);"><g clip-path="url(#7gjj25igta)" transform="translate(-232 -2221)"><g clip-path="url(#dvqif6313b)" transform="translate(232 2221)"><g clip-path="url(#6r7ozri4zc)" transform="translate(-8.75 2.5)"><path stroke="#767676" stroke-miterlimit="5" d="m8.75 12.188-5.143 2.51.982-5.318L.43 5.614l5.75-.776L8.75 0l2.572 4.838 5.75.776L12.91 9.38l.982 5.318-5.143-2.51z"></path></g></g></g></svg></span><span><svg xmlns="http://www.w3.org/2000/svg" width="10" height="20" viewBox="0 0 10 20" class="oct-icon" aria-hidden="true" aria-label="" style="height: 14px; width: auto; fill: rgb(255, 204, 0);"><g clip-path="url(#3b8wbmf19a)" transform="translate(-202 -2221)"><g clip-path="url(#n79ah32ilb)" transform="translate(202 2221)"><g clip-path="url(#h1bi9j7dcc)" transform="translate(1.25 2.5)"><path stroke="#767676" stroke-miterlimit="5" d="m8.75 12.188-5.143 2.51.982-5.318L.43 5.614l5.75-.776L8.75 0l2.572 4.838 5.75.776L12.91 9.38l.982 5.318-5.143-2.51z"></path></g></g></g></svg><svg xmlns="http://www.w3.org/2000/svg" width="10" height="20" viewBox="0 0 10 20" class="oct-icon" aria-hidden="true" aria-label="" style="height: 14px; width: auto; fill: rgb(255, 204, 0);"><g clip-path="url(#7gjj25igta)" transform="translate(-232 -2221)"><g clip-path="url(#dvqif6313b)" transform="translate(232 2221)"><g clip-path="url(#6r7ozri4zc)" transform="translate(-8.75 2.5)"><path stroke="#767676" stroke-miterlimit="5" d="m8.75 12.188-5.143 2.51.982-5.318L.43 5.614l5.75-.776L8.75 0l2.572 4.838 5.75.776L12.91 9.38l.982 5.318-5.143-2.51z"></path></g></g></g></svg></span></div><div class="oct-reviews__optionalText"><a href="https://www.boots.com/pixi-rose-tonic-100-ml-10256346#BVRRContainer" class="oct-link oct-link--theme-text oct-color--boots-blue oct-reviews__count" aria-label="5 stars out of 5. 6 reviews"><span class="oct-reviews__optionalTextCount">(6)</span></a></div></div></div><div class="oct-teaser__offer__container" aria-label=""><div class="oct-teaser__wrap"><button data-testid="button" class="oct-button oct-button--ellipses oct-button--cta oct-button--cta-default oct-button--cta-default-responsive oct-teaser__offer oct-teaser__offer--isAvailable oct-button--cta-custom" aria-label="Save 1/3 on selected Pixi"><div class="oct-button__content">Save 1/3 on selected Pixi</div></button></div></div><div class="oct-teaser__price-wrapper oct-teaser__price-wrapper--saving oct-teaser__price-wrapper--current"><div class="oct-teaser__price-col1-wrapper"><p class="oct-text oct-text--standard oct-text--size_m oct-aem-text oct-aem-text--p--variant-subtext oct-teaser__productPrice" data-testid="text">£6.67</p><div class="oct-teaser__product-price-wrapper"><p class="oct-text oct-text--standard oct-text--size_m oct-aem-text oct-aem-text--p--variant-subtext oct-teaser__productPriceSave" data-testid="text">Save £3.33</p></div><p class="oct-text oct-text--standard oct-text--size_m oct-aem-text oct-aem-text--p--variant-subtext oct-teaser__productPriceWas" data-testid="text">Was £10.00</p></div></div><div class="oct-teaser__price-detail-wrapper"><p class="oct-text oct-text--standard oct-text--size_m oct-aem-text oct-aem-text--p--variant-subtext oct-teaser__productPriceDetail" data-testid="text">100ML | £6.67 per 100ML</p></div></div><div class="oct-teaser__calls-to-action oct-teaser__calls-to-action--two oct-teaser__calls-to-action--left"></div></div></div><div class="oct-teaser__foreground"><a href="https://www.boots.com/pixi-rose-tonic-100-ml-10256346" class="oct-link oct-link--theme-text oct-color--boots-blue oct-teaser-wrapper-link" tabindex="-1" aria-hidden="true" data-promo-creative="25% teaser" data-promo-position=""><div class="oct-image-link-wrapper"><img src="https://boots.scene7.com/is/image/Boots/10256346?op_sharpen=1" alt="Foreground image" class="oct-image oct-image--lazy" data-testid="lazy-image" decoding="async" loading="lazy"></div></a></div><div class="oct-teaser__calls-to-action oct-add-to-basket-callToAction oct-add-to-basket-callToAction--with-lister-basket"><div class="oct-add-to-basket"><div class="oct-input__iconContainer"><div></div><input type="hidden" class="oct-input" id="cmProductName_2184460" autocomplete="off" value="PIXI Rose Tonic - 100ml (10256346.P)" style=""></div><div class="oct-input__iconContainer"><div></div><input type="hidden" class="oct-input" id="catalogEntry_ID" name="catalogEntry_ID" autocomplete="off" value="2184460" style=""></div><div class="oct-input__iconContainer"><div></div><input type="hidden" class="oct-input" id="dlProductId_2184460" name="dlProductId_2184460" autocomplete="off" value="10256346.P" style=""></div><div class="oct-input__iconContainer"><div></div><input type="hidden" class="oct-input" id="dlProductName_2184460" name="dlProductName_2184460" autocomplete="off" value="PIXI Rose Tonic - 100ml" style=""></div><div class="oct-input__iconContainer"><div></div><input type="hidden" class="oct-input" id="dlParentCatentryID_10256346.P" name="dlParentCatentryID_10256346.P" autocomplete="off" value="2184460" style=""></div><div class="oct-input__iconContainer"><div></div><input type="hidden" class="oct-input" id="dlPackagePartNumber_2184460" name="dlPackagePartNumber_2184460" autocomplete="off" value="" style=""></div><div class="oct-add-to-basket__product_info-container"><div class="oct-add-to-basket__product_add noQuickBuy"><div class="oct-add-to-basket__quickBuySLPContainer quickBuySLPContainer"></div><div class="oct-add-to-basket__shopperActions shopperActions oct-add-to-basket__plp_shopperActions_redesign plp_shopperActions_redesign" id="shopperActionsRedesign2184460"><p class="oct-text oct-text--standard oct-text--size_m oct-aem-text oct-aem-text--p--variant-1 oct-add-to-basket__qty-errorMax qty_errorMax" data-testid="text" id="quantity_msg_2184460">Maximum quantity reached</p><div class="oct-add-to-basket__quantity-section quantity_section quantity_section_redesign" id="quantity_section_2184460"><button data-testid="button" class="oct-button oct-button--ellipses oct-button--cta oct-button--cta-default oct-button--cta-default-primaryTransparent oct-button--cta-default-responsive oct-aem-cta oct-add-to-basket__minus-quantity plus_quantity_disabled minus_quantity_redesign plus_quantity_disabled_redesign control-buttons oct-button--cta-midnight-blue-primary" to="" id="desreseQty_2184460" aria-label="Decrease Quantity PIXI Rose Tonic - 100ml" aria-hidden="false" data-icon="–"><div class="oct-button__content"></div></button><div class="oct-input__iconContainer"><div></div><input type="text" class="oct-input oct-add-to-basket__quantity-input quantity_input quantity_input_redesign" aria-label="quantity" name="quantity_$2184460" id="quantity_2184460" readonly="" maxlength="2" tabindex="-1" value="1" style=""></div><button data-testid="button" class="oct-button oct-button--ellipses oct-button--cta oct-button--cta-default oct-button--cta-default-primaryTransparent oct-button--cta-default-responsive oct-aem-cta oct-add-to-basket__plus-quantity plus_quantity plus_quantity_redesign control-buttons oct-button--cta-midnight-blue-primary" to="" id="increseQty_2184460" aria-label="Increase Quantity PIXI Rose Tonic - 100ml" aria-hidden="false" data-icon="+"><div class="oct-button__content"></div></button><div class="oct-add-to-basket__quantity-label quantity_label">in your basket</div></div><div class="oct-input__iconContainer"><div></div><input type="hidden" class="oct-input" name="freeGiftId_2184460" id="freeGiftId_2184460" value="" style=""></div><button data-testid="button" class="oct-button oct-button--ellipses oct-button--cta oct-button--cta-default oct-button--cta-default-primaryTransparent oct-button--cta-default-responsive oct-aem-cta oct-add-to-basket_button oct-button--cta-midnight-blue-primary" to="" id="add2CartBtn_2184460" eeindex="2" data-shop5="" aria-label="Add PIXI Rose Tonic - 100ml to basket"><div class="oct-button__content"><span class="oct-add-to-basket_button_text button_text button_text_redesign">Add to basket</span></div></button><div class="oct-input__iconContainer"><div></div><input type="hidden" class="oct-input" id="lister_orderItemId_2184460" name="lister_orderItemId" value="" style=""></div><div class="oct-input__iconContainer"><div></div><input type="hidden" class="oct-input" id="lister_orderItemQty_2184460" name="lister_orderItemId" value="0" style=""></div><div class="oct-add-to-basket--overlay" data-testid="oct-add-to-basket"><div class="oct-add-to-basket__overlay-popup oct-overlay-popup" id="basket_confirmation_popup_overlay"></div><div id="basket_confirmation_overlay_2184460" class="oct-add-to-basket__overlay-popup__dialog" style="display: none;"><div class="oct-add-to-basket__overlay-focus" role="dialog" aria-labelledby="2184460-dialog-message"><p class="oct-text oct-text--standard oct-text--size_m oct-aem-text oct-aem-text--p--variant-1 oct-add-to-basket__text" data-testid="text" id="2184460-dialog-message">Are you sure you want to remove this product?</p><a class="oct-link oct-link--theme-text oct-color--boots-blue oct-add-to-basket__close-btn" tabindex="0" title="Close overlay" role="button" aria-label="Close overlay">x</a><div class="row"><button data-testid="button" class="oct-button oct-button--default oct-button--default-default oct-button--default-default-responsive oct-add-to-basket__button-secondary oct-add-to-basket__button button" role="button"><div class="oct-button__content">Yes</div></button><button data-testid="button" class="oct-button oct-button--default oct-button--default-default oct-button--default-default-responsive oct-add-to-basket__button-tertiary oct-add-to-basket__button button" role="button"><div class="oct-button__content">No</div></button></div></div></div></div></div></div></div><div id="entitledItem_2184460" style="display: none;">[ { "catentry_id" : 2184461, "Attributes" : { }, "ItemImage" :
          "/wcsstore/eBootsStorefrontAssetStore/images/NoImageIcon.jpg",
          "ItemImage467" :
          "/wcsstore/eBootsStorefrontAssetStore/images/NoImageIcon.jpg",
          "ItemThumbnailImage" :
          "/wcsstore/eBootsStorefrontAssetStore/images/NoImageIcon_sm.jpg" } ]</div></div></div></div></div></div><div data-testid="cell" class="oct-grid__cell oct-grid__cell--width-3 oct-grid__cell--small-6 oct-grid__cell--medium-small-4 oct-grid__cell--medium-4 oct-grid__cell--medium-large-4 oct-listers-hits__item hit oct-listers__item--with-inGrid" data-insights-position="17" data-insights-query-id="9e35482c34e960965eebfb9265ec00be" data-insights-object-id="2937121" data-productid="10340533.P"><div class="oct-teaser-wrapper oct-teaser-with-basket oct-teaser-with-basket--productTile oct-teaser-with-lister-basket oct-teaser--listers oct-teaser--listers-default"><div class="oct-teaser oct-teaser--theme-productTile oct-teaser--border" style="text-align: left;"><div class="oct-teaser__promotion-offer-roundel-wrapper"><div class="oct-teaser__promotion-offer-roundel-item oct-teaser__promotion-offer-roundel-item--offer" aria-label="Item on offer" role="img">Offer</div></div><div class="oct-add-to-favorites" tabindex="0" role="checkbox" aria-checked="false" aria-label="Add item to favourites"><span class="oct-add-to-favorites__icon"></span></div><div class="oct-teaser__contents oct-teaser__contents--only-foreground-image"><div class="oct-teaser__contents-panel oct-teaser__contents-panel"><div class="oct-teaser__contents-panel--main-content"><div><img src="data:image/svg+xml;base64,PHN2ZyB4bWxucz0iaHR0cDovL3d3dy53My5vcmcvMjAwMC9zdmciIHdpZHRoPSIzMjUiIGhlaWdodD0iMzI1Ij48cmVjdCB3aWR0aD0iMTAwJSIgaGVpZ2h0PSIxMDAlIiBzdHlsZT0iZmlsbDojZjJmMmYyIi8+PC9zdmc+" alt="test" class="oct-image oct-teaser__contents-panel__logo oct-teaser__contents-panel__logo--small oct-image--lazy" data-testid="lazy-image" decoding="async" loading="lazy"></div><a href="https://www.boots.com/dr-jart-vital-hydra-solution-pro-hydrating-sheet-mask-10340533" class="oct-link oct-link--theme-text oct-color--boots-blue oct-teaser__title-link" aria-label="" title="Dr.Jart+ Vital Hydra Solution Pro Hydrating Sheet Mask"><h3 class="oct-text oct-text--standard oct-text--size_m oct-aem-text oct-aem-text--h3--variant-1 oct-teaser__subtitle" data-testid="text">none</h3><div><h3 class="oct-text oct-text--standard oct-text--size_m oct-aem-text oct-aem-text--h3--variant-2 oct-teaser__title oct-teaser-with-listers" data-testid="text">Dr.Jart+ Vital Hydra Solution Pro Hydrating Sheet Mask</h3></div></a><div class="oct-reviews__reviews-container" aria-label=""><div class="oct-reviews"><div class="oct-reviews__icons" data-testid="reviews__icons"><span><svg xmlns="http://www.w3.org/2000/svg" width="10" height="20" viewBox="0 0 10 20" class="oct-icon" aria-hidden="true" aria-label="" style="height: 14px; width: auto; fill: rgb(255, 204, 0);"><g clip-path="url(#3b8wbmf19a)" transform="translate(-202 -2221)"><g clip-path="url(#n79ah32ilb)" transform="translate(202 2221)"><g clip-path="url(#h1bi9j7dcc)" transform="translate(1.25 2.5)"><path stroke="#767676" stroke-miterlimit="5" d="m8.75 12.188-5.143 2.51.982-5.318L.43 5.614l5.75-.776L8.75 0l2.572 4.838 5.75.776L12.91 9.38l.982 5.318-5.143-2.51z"></path></g></g></g></svg><svg xmlns="http://www.w3.org/2000/svg" width="10" height="20" viewBox="0 0 10 20" class="oct-icon" aria-hidden="true" aria-label="" style="height: 14px; width: auto; fill: rgb(255, 204, 0);"><g clip-path="url(#7gjj25igta)" transform="translate(-232 -2221)"><g clip-path="url(#dvqif6313b)" transform="translate(232 2221)"><g clip-path="url(#6r7ozri4zc)" transform="translate(-8.75 2.5)"><path stroke="#767676" stroke-miterlimit="5" d="m8.75 12.188-5.143 2.51.982-5.318L.43 5.614l5.75-.776L8.75 0l2.572 4.838 5.75.776L12.91 9.38l.982 5.318-5.143-2.51z"></path></g></g></g></svg></span><span><svg xmlns="http://www.w3.org/2000/svg" width="10" height="20" viewBox="0 0 10 20" class="oct-icon" aria-hidden="true" aria-label="" style="height: 14px; width: auto; fill: rgb(255, 204, 0);"><g clip-path="url(#3b8wbmf19a)" transform="translate(-202 -2221)"><g clip-path="url(#n79ah32ilb)" transform="translate(202 2221)"><g clip-path="url(#h1bi9j7dcc)" transform="translate(1.25 2.5)"><path stroke="#767676" stroke-miterlimit="5" d="m8.75 12.188-5.143 2.51.982-5.318L.43 5.614l5.75-.776L8.75 0l2.572 4.838 5.75.776L12.91 9.38l.982 5.318-5.143-2.51z"></path></g></g></g></svg><svg xmlns="http://www.w3.org/2000/svg" width="10" height="20" viewBox="0 0 10 20" class="oct-icon" aria-hidden="true" aria-label="" style="height: 14px; width: auto; fill: rgb(255, 204, 0);"><g clip-path="url(#7gjj25igta)" transform="translate(-232 -2221)"><g clip-path="url(#dvqif6313b)" transform="translate(232 2221)"><g clip-path="url(#6r7ozri4zc)" transform="translate(-8.75 2.5)"><path stroke="#767676" stroke-miterlimit="5" d="m8.75 12.188-5.143 2.51.982-5.318L.43 5.614l5.75-.776L8.75 0l2.572 4.838 5.75.776L12.91 9.38l.982 5.318-5.143-2.51z"></path></g></g></g></svg></span><span><svg xmlns="http://www.w3.org/2000/svg" width="10" height="20" viewBox="0 0 10 20" class="oct-icon" aria-hidden="true" aria-label="" style="height: 14px; width: auto; fill: rgb(255, 204, 0);"><g clip-path="url(#3b8wbmf19a)" transform="translate(-202 -2221)"><g clip-path="url(#n79ah32ilb)" transform="translate(202 2221)"><g clip-path="url(#h1bi9j7dcc)" transform="translate(1.25 2.5)"><path stroke="#767676" stroke-miterlimit="5" d="m8.75 12.188-5.143 2.51.982-5.318L.43 5.614l5.75-.776L8.75 0l2.572 4.838 5.75.776L12.91 9.38l.982 5.318-5.143-2.51z"></path></g></g></g></svg><svg xmlns="http://www.w3.org/2000/svg" width="10" height="20" viewBox="0 0 10 20" class="oct-icon" aria-hidden="true" aria-label="" style="height: 14px; width: auto; fill: rgb(255, 204, 0);"><g clip-path="url(#7gjj25igta)" transform="translate(-232 -2221)"><g clip-path="url(#dvqif6313b)" transform="translate(232 2221)"><g clip-path="url(#6r7ozri4zc)" transform="translate(-8.75 2.5)"><path stroke="#767676" stroke-miterlimit="5" d="m8.75 12.188-5.143 2.51.982-5.318L.43 5.614l5.75-.776L8.75 0l2.572 4.838 5.75.776L12.91 9.38l.982 5.318-5.143-2.51z"></path></g></g></g></svg></span><span><svg xmlns="http://www.w3.org/2000/svg" width="10" height="20" viewBox="0 0 10 20" class="oct-icon" aria-hidden="true" aria-label="" style="height: 14px; width: auto; fill: rgb(255, 204, 0);"><g clip-path="url(#3b8wbmf19a)" transform="translate(-202 -2221)"><g clip-path="url(#n79ah32ilb)" transform="translate(202 2221)"><g clip-path="url(#h1bi9j7dcc)" transform="translate(1.25 2.5)"><path stroke="#767676" stroke-miterlimit="5" d="m8.75 12.188-5.143 2.51.982-5.318L.43 5.614l5.75-.776L8.75 0l2.572 4.838 5.75.776L12.91 9.38l.982 5.318-5.143-2.51z"></path></g></g></g></svg><svg xmlns="http://www.w3.org/2000/svg" width="10" height="20" viewBox="0 0 10 20" class="oct-icon" aria-hidden="true" aria-label="" style="height: 14px; width: auto; fill: rgb(255, 204, 0);"><g clip-path="url(#7gjj25igta)" transform="translate(-232 -2221)"><g clip-path="url(#dvqif6313b)" transform="translate(232 2221)"><g clip-path="url(#6r7ozri4zc)" transform="translate(-8.75 2.5)"><path stroke="#767676" stroke-miterlimit="5" d="m8.75 12.188-5.143 2.51.982-5.318L.43 5.614l5.75-.776L8.75 0l2.572 4.838 5.75.776L12.91 9.38l.982 5.318-5.143-2.51z"></path></g></g></g></svg></span><span><svg xmlns="http://www.w3.org/2000/svg" width="10" height="20" viewBox="0 0 10 20" class="oct-icon" aria-hidden="true" aria-label="" style="height: 14px; width: auto; fill: rgb(255, 204, 0);"><g clip-path="url(#3b8wbmf19a)" transform="translate(-202 -2221)"><g clip-path="url(#n79ah32ilb)" transform="translate(202 2221)"><g clip-path="url(#h1bi9j7dcc)" transform="translate(1.25 2.5)"><path stroke="#767676" stroke-miterlimit="5" d="m8.75 12.188-5.143 2.51.982-5.318L.43 5.614l5.75-.776L8.75 0l2.572 4.838 5.75.776L12.91 9.38l.982 5.318-5.143-2.51z"></path></g></g></g></svg><svg xmlns="http://www.w3.org/2000/svg" width="10" height="20" viewBox="0 0 10 20" class="oct-icon" aria-hidden="true" aria-label="" style="height: 14px; width: auto; fill: rgb(255, 204, 0);"><g clip-path="url(#7gjj25igta)" transform="translate(-232 -2221)"><g clip-path="url(#dvqif6313b)" transform="translate(232 2221)"><g clip-path="url(#6r7ozri4zc)" transform="translate(-8.75 2.5)"><path stroke="#767676" stroke-miterlimit="5" d="m8.75 12.188-5.143 2.51.982-5.318L.43 5.614l5.75-.776L8.75 0l2.572 4.838 5.75.776L12.91 9.38l.982 5.318-5.143-2.51z"></path></g></g></g></svg></span></div><div class="oct-reviews__optionalText"><a href="https://www.boots.com/dr-jart-vital-hydra-solution-pro-hydrating-sheet-mask-10340533#BVRRContainer" class="oct-link oct-link--theme-text oct-color--boots-blue oct-reviews__count" aria-label="5 stars out of 5. 1 reviews"><span class="oct-reviews__optionalTextCount">(1)</span></a></div></div></div><div class="oct-teaser__offer__container" aria-label=""><div class="oct-teaser__wrap"><button data-testid="button" class="oct-button oct-button--ellipses oct-button--cta oct-button--cta-default oct-button--cta-default-responsive oct-teaser__offer oct-teaser__offer--isAvailable oct-button--cta-custom" aria-label="Save up to 25 percent on selected Premium Beauty"><div class="oct-button__content">Save up to 25 percent on selected Premium Beauty</div></button></div></div><div class="oct-teaser__price-wrapper oct-teaser__price-wrapper--saving oct-teaser__price-wrapper--current"><div class="oct-teaser__price-col1-wrapper"><p class="oct-text oct-text--standard oct-text--size_m oct-aem-text oct-aem-text--p--variant-subtext oct-teaser__productPrice" data-testid="text">£6.80</p><div class="oct-teaser__product-price-wrapper"><p class="oct-text oct-text--standard oct-text--size_m oct-aem-text oct-aem-text--p--variant-subtext oct-teaser__productPriceSave" data-testid="text">Save £1.70</p></div><p class="oct-text oct-text--standard oct-text--size_m oct-aem-text oct-aem-text--p--variant-subtext oct-teaser__productPriceWas" data-testid="text">Was £8.50</p></div></div><div class="oct-teaser__price-detail-wrapper"><p class="oct-text oct-text--standard oct-text--size_m oct-aem-text oct-aem-text--p--variant-subtext oct-teaser__productPriceDetail" data-testid="text">26G | £26.15 per 100G</p></div></div><div class="oct-teaser__calls-to-action oct-teaser__calls-to-action--two oct-teaser__calls-to-action--left"></div></div></div><div class="oct-teaser__foreground"><a href="https://www.boots.com/dr-jart-vital-hydra-solution-pro-hydrating-sheet-mask-10340533" class="oct-link oct-link--theme-text oct-color--boots-blue oct-teaser-wrapper-link" tabindex="-1" aria-hidden="true" data-promo-creative="25% teaser" data-promo-position=""><div class="oct-image-link-wrapper"><img src="https://boots.scene7.com/is/image/Boots/10340533?op_sharpen=1" alt="Foreground image" class="oct-image oct-image--lazy" data-testid="lazy-image" decoding="async" loading="lazy"></div></a></div><div class="oct-teaser__calls-to-action oct-add-to-basket-callToAction oct-add-to-basket-callToAction--with-lister-basket"><div class="oct-add-to-basket"><div class="oct-input__iconContainer"><div></div><input type="hidden" class="oct-input" id="cmProductName_2937120" autocomplete="off" value="Dr.Jart+ Vital Hydra Solution Pro Hydrating Sheet Mask (10340533.P)" style=""></div><div class="oct-input__iconContainer"><div></div><input type="hidden" class="oct-input" id="catalogEntry_ID" name="catalogEntry_ID" autocomplete="off" value="2937120" style=""></div><div class="oct-input__iconContainer"><div></div><input type="hidden" class="oct-input" id="dlProductId_2937120" name="dlProductId_2937120" autocomplete="off" value="10340533.P" style=""></div><div class="oct-input__iconContainer"><div></div><input type="hidden" class="oct-input" id="dlProductName_2937120" name="dlProductName_2937120" autocomplete="off" value="Dr.Jart+ Vital Hydra Solution Pro Hydrating Sheet Mask" style=""></div><div class="oct-input__iconContainer"><div></div><input type="hidden" class="oct-input" id="dlParentCatentryID_10340533.P" name="dlParentCatentryID_10340533.P" autocomplete="off" value="2937120" style=""></div><div class="oct-input__iconContainer"><div></div><input type="hidden" class="oct-input" id="dlPackagePartNumber_2937120" name="dlPackagePartNumber_2937120" autocomplete="off" value="" style=""></div><div class="oct-add-to-basket__product_info-container"><div class="oct-add-to-basket__product_add noQuickBuy"><div class="oct-add-to-basket__quickBuySLPContainer quickBuySLPContainer"></div><div class="oct-add-to-basket__shopperActions shopperActions oct-add-to-basket__plp_shopperActions_redesign plp_shopperActions_redesign" id="shopperActionsRedesign2937120"><p class="oct-text oct-text--standard oct-text--size_m oct-aem-text oct-aem-text--p--variant-1 oct-add-to-basket__qty-errorMax qty_errorMax" data-testid="text" id="quantity_msg_2937120">Maximum quantity reached</p><div class="oct-add-to-basket__quantity-section quantity_section quantity_section_redesign" id="quantity_section_2937120"><button data-testid="button" class="oct-button oct-button--ellipses oct-button--cta oct-button--cta-default oct-button--cta-default-primaryTransparent oct-button--cta-default-responsive oct-aem-cta oct-add-to-basket__minus-quantity plus_quantity_disabled minus_quantity_redesign plus_quantity_disabled_redesign control-buttons oct-button--cta-midnight-blue-primary" to="" id="desreseQty_2937120" aria-label="Decrease Quantity Dr.Jart+ Vital Hydra Solution Pro Hydrating Sheet Mask" aria-hidden="false" data-icon="–"><div class="oct-button__content"></div></button><div class="oct-input__iconContainer"><div></div><input type="text" class="oct-input oct-add-to-basket__quantity-input quantity_input quantity_input_redesign" aria-label="quantity" name="quantity_$2937120" id="quantity_2937120" readonly="" maxlength="2" tabindex="-1" value="1" style=""></div><button data-testid="button" class="oct-button oct-button--ellipses oct-button--cta oct-button--cta-default oct-button--cta-default-primaryTransparent oct-button--cta-default-responsive oct-aem-cta oct-add-to-basket__plus-quantity plus_quantity plus_quantity_redesign control-buttons oct-button--cta-midnight-blue-primary" to="" id="increseQty_2937120" aria-label="Increase Quantity Dr.Jart+ Vital Hydra Solution Pro Hydrating Sheet Mask" aria-hidden="false" data-icon="+"><div class="oct-button__content"></div></button><div class="oct-add-to-basket__quantity-label quantity_label">in your basket</div></div><div class="oct-input__iconContainer"><div></div><input type="hidden" class="oct-input" name="freeGiftId_2937120" id="freeGiftId_2937120" value="" style=""></div><button data-testid="button" class="oct-button oct-button--ellipses oct-button--cta oct-button--cta-default oct-button--cta-default-primaryTransparent oct-button--cta-default-responsive oct-aem-cta oct-add-to-basket_button oct-button--cta-midnight-blue-primary" to="" id="add2CartBtn_2937120" eeindex="2" data-shop5="" aria-label="Add Dr.Jart+ Vital Hydra Solution Pro Hydrating Sheet Mask to basket"><div class="oct-button__content"><span class="oct-add-to-basket_button_text button_text button_text_redesign">Add to basket</span></div></button><div class="oct-input__iconContainer"><div></div><input type="hidden" class="oct-input" id="lister_orderItemId_2937120" name="lister_orderItemId" value="" style=""></div><div class="oct-input__iconContainer"><div></div><input type="hidden" class="oct-input" id="lister_orderItemQty_2937120" name="lister_orderItemId" value="0" style=""></div><div class="oct-add-to-basket--overlay" data-testid="oct-add-to-basket"><div class="oct-add-to-basket__overlay-popup oct-overlay-popup" id="basket_confirmation_popup_overlay"></div><div id="basket_confirmation_overlay_2937120" class="oct-add-to-basket__overlay-popup__dialog" style="display: none;"><div class="oct-add-to-basket__overlay-focus" role="dialog" aria-labelledby="2937120-dialog-message"><p class="oct-text oct-text--standard oct-text--size_m oct-aem-text oct-aem-text--p--variant-1 oct-add-to-basket__text" data-testid="text" id="2937120-dialog-message">Are you sure you want to remove this product?</p><a class="oct-link oct-link--theme-text oct-color--boots-blue oct-add-to-basket__close-btn" tabindex="0" title="Close overlay" role="button" aria-label="Close overlay">x</a><div class="row"><button data-testid="button" class="oct-button oct-button--default oct-button--default-default oct-button--default-default-responsive oct-add-to-basket__button-secondary oct-add-to-basket__button button" role="button"><div class="oct-button__content">Yes</div></button><button data-testid="button" class="oct-button oct-button--default oct-button--default-default oct-button--default-default-responsive oct-add-to-basket__button-tertiary oct-add-to-basket__button button" role="button"><div class="oct-button__content">No</div></button></div></div></div></div></div></div></div><div id="entitledItem_2937120" style="display: none;">[ { "catentry_id" : 2937121, "Attributes" : { }, "ItemImage" :
          "/wcsstore/eBootsStorefrontAssetStore/images/NoImageIcon.jpg",
          "ItemImage467" :
          "/wcsstore/eBootsStorefrontAssetStore/images/NoImageIcon.jpg",
          "ItemThumbnailImage" :
          "/wcsstore/eBootsStorefrontAssetStore/images/NoImageIcon_sm.jpg" } ]</div></div></div></div></div></div><div data-testid="cell" class="oct-grid__cell oct-grid__cell--width-3 oct-grid__cell--small-6 oct-grid__cell--medium-small-4 oct-grid__cell--medium-4 oct-grid__cell--medium-large-4 oct-listers-hits__item hit oct-listers__item--with-inGrid" data-insights-position="18" data-insights-query-id="9e35482c34e960965eebfb9265ec00be" data-insights-object-id="3055697" data-productid="10354937.P"><div class="oct-teaser-wrapper oct-teaser-with-basket oct-teaser-with-basket--productTile oct-teaser-with-lister-basket oct-teaser--listers oct-teaser--listers-default"><div class="oct-teaser oct-teaser--theme-productTile oct-teaser--border" style="text-align: left;"><div class="oct-teaser__promotion-offer-roundel-wrapper"><div class="oct-teaser__promotion-offer-roundel-item oct-teaser__promotion-offer-roundel-item--offer" aria-label="Item on offer" role="img">Offer</div></div><div class="oct-add-to-favorites" tabindex="0" role="checkbox" aria-checked="false" aria-label="Add item to favourites"><span class="oct-add-to-favorites__icon"></span></div><div class="oct-teaser__contents oct-teaser__contents--only-foreground-image"><div class="oct-teaser__contents-panel oct-teaser__contents-panel"><div class="oct-teaser__contents-panel--main-content"><div><img src="data:image/svg+xml;base64,PHN2ZyB4bWxucz0iaHR0cDovL3d3dy53My5vcmcvMjAwMC9zdmciIHdpZHRoPSIzMjUiIGhlaWdodD0iMzI1Ij48cmVjdCB3aWR0aD0iMTAwJSIgaGVpZ2h0PSIxMDAlIiBzdHlsZT0iZmlsbDojZjJmMmYyIi8+PC9zdmc+" alt="test" class="oct-image oct-teaser__contents-panel__logo oct-teaser__contents-panel__logo--small oct-image--lazy" data-testid="lazy-image" decoding="async" loading="lazy"></div><a href="https://www.boots.com/vichy-mineral-89-night-cream-50ml-10354937" class="oct-link oct-link--theme-text oct-color--boots-blue oct-teaser__title-link" aria-label="" title="Vichy Mineral 89 Moisture Recovery Night Cream 50ml"><h3 class="oct-text oct-text--standard oct-text--size_m oct-aem-text oct-aem-text--h3--variant-1 oct-teaser__subtitle" data-testid="text">none</h3><div><h3 class="oct-text oct-text--standard oct-text--size_m oct-aem-text oct-aem-text--h3--variant-2 oct-teaser__title oct-teaser-with-listers" data-testid="text">Vichy Mineral 89 Moisture Recovery Night Cream 50ml</h3></div></a><div class="oct-reviews__reviews-container" aria-label=""><div class="oct-reviews"><div class="oct-reviews__icons" data-testid="reviews__icons"><span><svg xmlns="http://www.w3.org/2000/svg" width="10" height="20" viewBox="0 0 10 20" class="oct-icon" aria-hidden="true" aria-label="" style="height: 14px; width: auto; fill: rgb(255, 204, 0);"><g clip-path="url(#3b8wbmf19a)" transform="translate(-202 -2221)"><g clip-path="url(#n79ah32ilb)" transform="translate(202 2221)"><g clip-path="url(#h1bi9j7dcc)" transform="translate(1.25 2.5)"><path stroke="#767676" stroke-miterlimit="5" d="m8.75 12.188-5.143 2.51.982-5.318L.43 5.614l5.75-.776L8.75 0l2.572 4.838 5.75.776L12.91 9.38l.982 5.318-5.143-2.51z"></path></g></g></g></svg><svg xmlns="http://www.w3.org/2000/svg" width="10" height="20" viewBox="0 0 10 20" class="oct-icon" aria-hidden="true" aria-label="" style="height: 14px; width: auto; fill: rgb(255, 204, 0);"><g clip-path="url(#7gjj25igta)" transform="translate(-232 -2221)"><g clip-path="url(#dvqif6313b)" transform="translate(232 2221)"><g clip-path="url(#6r7ozri4zc)" transform="translate(-8.75 2.5)"><path stroke="#767676" stroke-miterlimit="5" d="m8.75 12.188-5.143 2.51.982-5.318L.43 5.614l5.75-.776L8.75 0l2.572 4.838 5.75.776L12.91 9.38l.982 5.318-5.143-2.51z"></path></g></g></g></svg></span><span><svg xmlns="http://www.w3.org/2000/svg" width="10" height="20" viewBox="0 0 10 20" class="oct-icon" aria-hidden="true" aria-label="" style="height: 14px; width: auto; fill: rgb(255, 204, 0);"><g clip-path="url(#3b8wbmf19a)" transform="translate(-202 -2221)"><g clip-path="url(#n79ah32ilb)" transform="translate(202 2221)"><g clip-path="url(#h1bi9j7dcc)" transform="translate(1.25 2.5)"><path stroke="#767676" stroke-miterlimit="5" d="m8.75 12.188-5.143 2.51.982-5.318L.43 5.614l5.75-.776L8.75 0l2.572 4.838 5.75.776L12.91 9.38l.982 5.318-5.143-2.51z"></path></g></g></g></svg><svg xmlns="http://www.w3.org/2000/svg" width="10" height="20" viewBox="0 0 10 20" class="oct-icon" aria-hidden="true" aria-label="" style="height: 14px; width: auto; fill: rgb(255, 204, 0);"><g clip-path="url(#7gjj25igta)" transform="translate(-232 -2221)"><g clip-path="url(#dvqif6313b)" transform="translate(232 2221)"><g clip-path="url(#6r7ozri4zc)" transform="translate(-8.75 2.5)"><path stroke="#767676" stroke-miterlimit="5" d="m8.75 12.188-5.143 2.51.982-5.318L.43 5.614l5.75-.776L8.75 0l2.572 4.838 5.75.776L12.91 9.38l.982 5.318-5.143-2.51z"></path></g></g></g></svg></span><span><svg xmlns="http://www.w3.org/2000/svg" width="10" height="20" viewBox="0 0 10 20" class="oct-icon" aria-hidden="true" aria-label="" style="height: 14px; width: auto; fill: rgb(255, 204, 0);"><g clip-path="url(#3b8wbmf19a)" transform="translate(-202 -2221)"><g clip-path="url(#n79ah32ilb)" transform="translate(202 2221)"><g clip-path="url(#h1bi9j7dcc)" transform="translate(1.25 2.5)"><path stroke="#767676" stroke-miterlimit="5" d="m8.75 12.188-5.143 2.51.982-5.318L.43 5.614l5.75-.776L8.75 0l2.572 4.838 5.75.776L12.91 9.38l.982 5.318-5.143-2.51z"></path></g></g></g></svg><svg xmlns="http://www.w3.org/2000/svg" width="10" height="20" viewBox="0 0 10 20" class="oct-icon" aria-hidden="true" aria-label="" style="height: 14px; width: auto; fill: rgb(255, 204, 0);"><g clip-path="url(#7gjj25igta)" transform="translate(-232 -2221)"><g clip-path="url(#dvqif6313b)" transform="translate(232 2221)"><g clip-path="url(#6r7ozri4zc)" transform="translate(-8.75 2.5)"><path stroke="#767676" stroke-miterlimit="5" d="m8.75 12.188-5.143 2.51.982-5.318L.43 5.614l5.75-.776L8.75 0l2.572 4.838 5.75.776L12.91 9.38l.982 5.318-5.143-2.51z"></path></g></g></g></svg></span><span><svg xmlns="http://www.w3.org/2000/svg" width="10" height="20" viewBox="0 0 10 20" class="oct-icon" aria-hidden="true" aria-label="" style="height: 14px; width: auto; fill: rgb(255, 204, 0);"><g clip-path="url(#3b8wbmf19a)" transform="translate(-202 -2221)"><g clip-path="url(#n79ah32ilb)" transform="translate(202 2221)"><g clip-path="url(#h1bi9j7dcc)" transform="translate(1.25 2.5)"><path stroke="#767676" stroke-miterlimit="5" d="m8.75 12.188-5.143 2.51.982-5.318L.43 5.614l5.75-.776L8.75 0l2.572 4.838 5.75.776L12.91 9.38l.982 5.318-5.143-2.51z"></path></g></g></g></svg><svg xmlns="http://www.w3.org/2000/svg" width="10" height="20" viewBox="0 0 10 20" class="oct-icon" aria-hidden="true" aria-label="" style="height: 14px; width: auto; fill: rgb(255, 204, 0);"><g clip-path="url(#7gjj25igta)" transform="translate(-232 -2221)"><g clip-path="url(#dvqif6313b)" transform="translate(232 2221)"><g clip-path="url(#6r7ozri4zc)" transform="translate(-8.75 2.5)"><path stroke="#767676" stroke-miterlimit="5" d="m8.75 12.188-5.143 2.51.982-5.318L.43 5.614l5.75-.776L8.75 0l2.572 4.838 5.75.776L12.91 9.38l.982 5.318-5.143-2.51z"></path></g></g></g></svg></span><span><svg xmlns="http://www.w3.org/2000/svg" width="10" height="20" viewBox="0 0 10 20" class="oct-icon" aria-hidden="true" aria-label="" style="height: 14px; width: auto; fill: rgb(255, 204, 0);"><g clip-path="url(#3b8wbmf19a)" transform="translate(-202 -2221)"><g clip-path="url(#n79ah32ilb)" transform="translate(202 2221)"><g clip-path="url(#h1bi9j7dcc)" transform="translate(1.25 2.5)"><path stroke="#767676" stroke-miterlimit="5" d="m8.75 12.188-5.143 2.51.982-5.318L.43 5.614l5.75-.776L8.75 0l2.572 4.838 5.75.776L12.91 9.38l.982 5.318-5.143-2.51z"></path></g></g></g></svg><svg xmlns="http://www.w3.org/2000/svg" width="10" height="20" viewBox="0 0 10 20" class="oct-icon" aria-hidden="true" aria-label="" style="height: 14px; width: auto; fill: rgb(255, 204, 0);"><g clip-path="url(#7gjj25igta)" transform="translate(-232 -2221)"><g clip-path="url(#dvqif6313b)" transform="translate(232 2221)"><g clip-path="url(#6r7ozri4zc)" transform="translate(-8.75 2.5)"><path stroke="#767676" stroke-miterlimit="5" d="m8.75 12.188-5.143 2.51.982-5.318L.43 5.614l5.75-.776L8.75 0l2.572 4.838 5.75.776L12.91 9.38l.982 5.318-5.143-2.51z"></path></g></g></g></svg></span></div><div class="oct-reviews__optionalText"><a href="https://www.boots.com/vichy-mineral-89-night-cream-50ml-10354937#BVRRContainer" class="oct-link oct-link--theme-text oct-color--boots-blue oct-reviews__count" aria-label="5 stars out of 5. 1 reviews"><span class="oct-reviews__optionalTextCount">(1)</span></a></div></div></div><div class="oct-teaser__offer__container" aria-label=""><div class="oct-teaser__wrap"><button data-testid="button" class="oct-button oct-button--ellipses oct-button--cta oct-button--cta-default oct-button--cta-default-responsive oct-teaser__offer oct-teaser__offer--isAvailable oct-button--cta-custom" aria-label="Free gift when you spend £30 on selected Vichy - online only, whilst stocks last"><div class="oct-button__content">Free gift when you spend £30 on selected Vichy - online only, whilst stocks last</div></button></div></div><div class="oct-teaser__price-wrapper oct-teaser__price-wrapper--saving oct-teaser__price-wrapper--current"><div class="oct-teaser__price-col1-wrapper"><p class="oct-text oct-text--standard oct-text--size_m oct-aem-text oct-aem-text--p--variant-subtext oct-teaser__productPrice" data-testid="text">£20.25</p><div class="oct-teaser__product-price-wrapper"><p class="oct-text oct-text--standard oct-text--size_m oct-aem-text oct-aem-text--p--variant-subtext oct-teaser__productPriceSave" data-testid="text">Save £6.75</p></div><p class="oct-text oct-text--standard oct-text--size_m oct-aem-text oct-aem-text--p--variant-subtext oct-teaser__productPriceWas" data-testid="text">Was £27.00</p></div></div><div class="oct-teaser__price-detail-wrapper"><p class="oct-text oct-text--standard oct-text--size_m oct-aem-text oct-aem-text--p--variant-subtext oct-teaser__productPriceDetail" data-testid="text">50ML | £40.50 per 100ML</p></div></div><div class="oct-teaser__calls-to-action oct-teaser__calls-to-action--two oct-teaser__calls-to-action--left"></div></div></div><div class="oct-teaser__foreground"><a href="https://www.boots.com/vichy-mineral-89-night-cream-50ml-10354937" class="oct-link oct-link--theme-text oct-color--boots-blue oct-teaser-wrapper-link" tabindex="-1" aria-hidden="true" data-promo-creative="25% teaser" data-promo-position=""><div class="oct-image-link-wrapper"><img src="https://boots.scene7.com/is/image/Boots/10354937?op_sharpen=1" alt="Foreground image" class="oct-image oct-image--lazy" data-testid="lazy-image" decoding="async" loading="lazy"></div></a></div><div class="oct-teaser__calls-to-action oct-add-to-basket-callToAction oct-add-to-basket-callToAction--with-lister-basket"><div class="oct-add-to-basket"><div class="oct-input__iconContainer"><div></div><input type="hidden" class="oct-input" id="cmProductName_3055696" autocomplete="off" value="Vichy Mineral 89 Moisture Recovery Night Cream 50ml (10354937.P)" style=""></div><div class="oct-input__iconContainer"><div></div><input type="hidden" class="oct-input" id="catalogEntry_ID" name="catalogEntry_ID" autocomplete="off" value="3055696" style=""></div><div class="oct-input__iconContainer"><div></div><input type="hidden" class="oct-input" id="dlProductId_3055696" name="dlProductId_3055696" autocomplete="off" value="10354937.P" style=""></div><div class="oct-input__iconContainer"><div></div><input type="hidden" class="oct-input" id="dlProductName_3055696" name="dlProductName_3055696" autocomplete="off" value="Vichy Mineral 89 Moisture Recovery Night Cream 50ml" style=""></div><div class="oct-input__iconContainer"><div></div><input type="hidden" class="oct-input" id="dlParentCatentryID_10354937.P" name="dlParentCatentryID_10354937.P" autocomplete="off" value="3055696" style=""></div><div class="oct-input__iconContainer"><div></div><input type="hidden" class="oct-input" id="dlPackagePartNumber_3055696" name="dlPackagePartNumber_3055696" autocomplete="off" value="" style=""></div><div class="oct-add-to-basket__product_info-container"><div class="oct-add-to-basket__product_add noQuickBuy"><div class="oct-add-to-basket__quickBuySLPContainer quickBuySLPContainer"></div><div class="oct-add-to-basket__shopperActions shopperActions oct-add-to-basket__plp_shopperActions_redesign plp_shopperActions_redesign" id="shopperActionsRedesign3055696"><p class="oct-text oct-text--standard oct-text--size_m oct-aem-text oct-aem-text--p--variant-1 oct-add-to-basket__qty-errorMax qty_errorMax" data-testid="text" id="quantity_msg_3055696">Maximum quantity reached</p><div class="oct-add-to-basket__quantity-section quantity_section quantity_section_redesign" id="quantity_section_3055696"><button data-testid="button" class="oct-button oct-button--ellipses oct-button--cta oct-button--cta-default oct-button--cta-default-primaryTransparent oct-button--cta-default-responsive oct-aem-cta oct-add-to-basket__minus-quantity plus_quantity_disabled minus_quantity_redesign plus_quantity_disabled_redesign control-buttons oct-button--cta-midnight-blue-primary" to="" id="desreseQty_3055696" aria-label="Decrease Quantity Vichy Mineral 89 Moisture Recovery Night Cream 50ml" aria-hidden="false" data-icon="–"><div class="oct-button__content"></div></button><div class="oct-input__iconContainer"><div></div><input type="text" class="oct-input oct-add-to-basket__quantity-input quantity_input quantity_input_redesign" aria-label="quantity" name="quantity_$3055696" id="quantity_3055696" readonly="" maxlength="2" tabindex="-1" value="1" style=""></div><button data-testid="button" class="oct-button oct-button--ellipses oct-button--cta oct-button--cta-default oct-button--cta-default-primaryTransparent oct-button--cta-default-responsive oct-aem-cta oct-add-to-basket__plus-quantity plus_quantity plus_quantity_redesign control-buttons oct-button--cta-midnight-blue-primary" to="" id="increseQty_3055696" aria-label="Increase Quantity Vichy Mineral 89 Moisture Recovery Night Cream 50ml" aria-hidden="false" data-icon="+"><div class="oct-button__content"></div></button><div class="oct-add-to-basket__quantity-label quantity_label">in your basket</div></div><div class="oct-input__iconContainer"><div></div><input type="hidden" class="oct-input" name="freeGiftId_3055696" id="freeGiftId_3055696" value="" style=""></div><button data-testid="button" class="oct-button oct-button--ellipses oct-button--cta oct-button--cta-default oct-button--cta-default-primaryTransparent oct-button--cta-default-responsive oct-aem-cta oct-add-to-basket_button oct-button--cta-midnight-blue-primary" to="" id="add2CartBtn_3055696" eeindex="2" data-shop5="" aria-label="Add Vichy Mineral 89 Moisture Recovery Night Cream 50ml to basket"><div class="oct-button__content"><span class="oct-add-to-basket_button_text button_text button_text_redesign">Add to basket</span></div></button><div class="oct-input__iconContainer"><div></div><input type="hidden" class="oct-input" id="lister_orderItemId_3055696" name="lister_orderItemId" value="" style=""></div><div class="oct-input__iconContainer"><div></div><input type="hidden" class="oct-input" id="lister_orderItemQty_3055696" name="lister_orderItemId" value="0" style=""></div><div class="oct-add-to-basket--overlay" data-testid="oct-add-to-basket"><div class="oct-add-to-basket__overlay-popup oct-overlay-popup" id="basket_confirmation_popup_overlay"></div><div id="basket_confirmation_overlay_3055696" class="oct-add-to-basket__overlay-popup__dialog" style="display: none;"><div class="oct-add-to-basket__overlay-focus" role="dialog" aria-labelledby="3055696-dialog-message"><p class="oct-text oct-text--standard oct-text--size_m oct-aem-text oct-aem-text--p--variant-1 oct-add-to-basket__text" data-testid="text" id="3055696-dialog-message">Are you sure you want to remove this product?</p><a class="oct-link oct-link--theme-text oct-color--boots-blue oct-add-to-basket__close-btn" tabindex="0" title="Close overlay" role="button" aria-label="Close overlay">x</a><div class="row"><button data-testid="button" class="oct-button oct-button--default oct-button--default-default oct-button--default-default-responsive oct-add-to-basket__button-secondary oct-add-to-basket__button button" role="button"><div class="oct-button__content">Yes</div></button><button data-testid="button" class="oct-button oct-button--default oct-button--default-default oct-button--default-default-responsive oct-add-to-basket__button-tertiary oct-add-to-basket__button button" role="button"><div class="oct-button__content">No</div></button></div></div></div></div></div></div></div><div id="entitledItem_3055696" style="display: none;">[ { "catentry_id" : 3055697, "Attributes" : { }, "ItemImage" :
          "/wcsstore/eBootsStorefrontAssetStore/images/NoImageIcon.jpg",
          "ItemImage467" :
          "/wcsstore/eBootsStorefrontAssetStore/images/NoImageIcon.jpg",
          "ItemThumbnailImage" :
          "/wcsstore/eBootsStorefrontAssetStore/images/NoImageIcon_sm.jpg" } ]</div></div></div></div></div></div><div data-testid="cell" class="oct-grid__cell oct-grid__cell--width-3 oct-grid__cell--small-6 oct-grid__cell--medium-small-4 oct-grid__cell--medium-4 oct-grid__cell--medium-large-4 oct-listers-hits__item hit oct-listers__item--with-inGrid" data-insights-position="19" data-insights-query-id="9e35482c34e960965eebfb9265ec00be" data-insights-object-id="2998199" data-productid="10347782.P"><div class="oct-teaser-wrapper oct-teaser-with-basket oct-teaser-with-basket--productTile oct-teaser-with-lister-basket oct-teaser--listers oct-teaser--listers-default"><div class="oct-teaser oct-teaser--theme-productTile oct-teaser--border" style="text-align: left;"><div class="oct-teaser__promotion-offer-roundel-wrapper"><div class="oct-teaser__promotion-offer-roundel-item oct-teaser__promotion-offer-roundel-item--offer" aria-label="Item on offer" role="img">Offer</div></div><div class="oct-add-to-favorites" tabindex="0" role="checkbox" aria-checked="false" aria-label="Add item to favourites"><span class="oct-add-to-favorites__icon"></span></div><div class="oct-teaser__contents oct-teaser__contents--only-foreground-image"><div class="oct-teaser__contents-panel oct-teaser__contents-panel"><div class="oct-teaser__contents-panel--main-content"><div><img src="data:image/svg+xml;base64,PHN2ZyB4bWxucz0iaHR0cDovL3d3dy53My5vcmcvMjAwMC9zdmciIHdpZHRoPSIzMjUiIGhlaWdodD0iMzI1Ij48cmVjdCB3aWR0aD0iMTAwJSIgaGVpZ2h0PSIxMDAlIiBzdHlsZT0iZmlsbDojZjJmMmYyIi8+PC9zdmc+" alt="test" class="oct-image oct-teaser__contents-panel__logo oct-teaser__contents-panel__logo--small oct-image--lazy" data-testid="lazy-image" decoding="async" loading="lazy"></div><a href="https://www.boots.com/mario-badescu-the-clear-look-set-10347782" class="oct-link oct-link--theme-text oct-color--boots-blue oct-teaser__title-link" aria-label="" title="Mario Badescu The clear look set"><h3 class="oct-text oct-text--standard oct-text--size_m oct-aem-text oct-aem-text--h3--variant-1 oct-teaser__subtitle" data-testid="text">none</h3><div><h3 class="oct-text oct-text--standard oct-text--size_m oct-aem-text oct-aem-text--h3--variant-2 oct-teaser__title oct-teaser-with-listers" data-testid="text">Mario Badescu The clear look set</h3></div></a><div class="oct-reviews__reviews-container" aria-label=""><div class="oct-reviews"><div class="oct-reviews__icons" data-testid="reviews__icons"><span><svg xmlns="http://www.w3.org/2000/svg" width="10" height="20" viewBox="0 0 10 20" class="oct-icon" aria-hidden="true" aria-label="" style="height: 14px; width: auto; fill: rgb(255, 204, 0);"><g clip-path="url(#3b8wbmf19a)" transform="translate(-202 -2221)"><g clip-path="url(#n79ah32ilb)" transform="translate(202 2221)"><g clip-path="url(#h1bi9j7dcc)" transform="translate(1.25 2.5)"><path stroke="#767676" stroke-miterlimit="5" d="m8.75 12.188-5.143 2.51.982-5.318L.43 5.614l5.75-.776L8.75 0l2.572 4.838 5.75.776L12.91 9.38l.982 5.318-5.143-2.51z"></path></g></g></g></svg><svg xmlns="http://www.w3.org/2000/svg" width="10" height="20" viewBox="0 0 10 20" class="oct-icon" aria-hidden="true" aria-label="" style="height: 14px; width: auto; fill: rgb(255, 204, 0);"><g clip-path="url(#7gjj25igta)" transform="translate(-232 -2221)"><g clip-path="url(#dvqif6313b)" transform="translate(232 2221)"><g clip-path="url(#6r7ozri4zc)" transform="translate(-8.75 2.5)"><path stroke="#767676" stroke-miterlimit="5" d="m8.75 12.188-5.143 2.51.982-5.318L.43 5.614l5.75-.776L8.75 0l2.572 4.838 5.75.776L12.91 9.38l.982 5.318-5.143-2.51z"></path></g></g></g></svg></span><span><svg xmlns="http://www.w3.org/2000/svg" width="10" height="20" viewBox="0 0 10 20" class="oct-icon" aria-hidden="true" aria-label="" style="height: 14px; width: auto; fill: rgb(255, 204, 0);"><g clip-path="url(#3b8wbmf19a)" transform="translate(-202 -2221)"><g clip-path="url(#n79ah32ilb)" transform="translate(202 2221)"><g clip-path="url(#h1bi9j7dcc)" transform="translate(1.25 2.5)"><path stroke="#767676" stroke-miterlimit="5" d="m8.75 12.188-5.143 2.51.982-5.318L.43 5.614l5.75-.776L8.75 0l2.572 4.838 5.75.776L12.91 9.38l.982 5.318-5.143-2.51z"></path></g></g></g></svg><svg xmlns="http://www.w3.org/2000/svg" width="10" height="20" viewBox="0 0 10 20" class="oct-icon" aria-hidden="true" aria-label="" style="height: 14px; width: auto; fill: rgb(255, 204, 0);"><g clip-path="url(#7gjj25igta)" transform="translate(-232 -2221)"><g clip-path="url(#dvqif6313b)" transform="translate(232 2221)"><g clip-path="url(#6r7ozri4zc)" transform="translate(-8.75 2.5)"><path stroke="#767676" stroke-miterlimit="5" d="m8.75 12.188-5.143 2.51.982-5.318L.43 5.614l5.75-.776L8.75 0l2.572 4.838 5.75.776L12.91 9.38l.982 5.318-5.143-2.51z"></path></g></g></g></svg></span><span><svg xmlns="http://www.w3.org/2000/svg" width="10" height="20" viewBox="0 0 10 20" class="oct-icon" aria-hidden="true" aria-label="" style="height: 14px; width: auto; fill: rgb(255, 204, 0);"><g clip-path="url(#3b8wbmf19a)" transform="translate(-202 -2221)"><g clip-path="url(#n79ah32ilb)" transform="translate(202 2221)"><g clip-path="url(#h1bi9j7dcc)" transform="translate(1.25 2.5)"><path stroke="#767676" stroke-miterlimit="5" d="m8.75 12.188-5.143 2.51.982-5.318L.43 5.614l5.75-.776L8.75 0l2.572 4.838 5.75.776L12.91 9.38l.982 5.318-5.143-2.51z"></path></g></g></g></svg><svg xmlns="http://www.w3.org/2000/svg" width="10" height="20" viewBox="0 0 10 20" class="oct-icon" aria-hidden="true" aria-label="" style="height: 14px; width: auto; fill: rgb(255, 204, 0);"><g clip-path="url(#7gjj25igta)" transform="translate(-232 -2221)"><g clip-path="url(#dvqif6313b)" transform="translate(232 2221)"><g clip-path="url(#6r7ozri4zc)" transform="translate(-8.75 2.5)"><path stroke="#767676" stroke-miterlimit="5" d="m8.75 12.188-5.143 2.51.982-5.318L.43 5.614l5.75-.776L8.75 0l2.572 4.838 5.75.776L12.91 9.38l.982 5.318-5.143-2.51z"></path></g></g></g></svg></span><span><svg xmlns="http://www.w3.org/2000/svg" width="10" height="20" viewBox="0 0 10 20" class="oct-icon" aria-hidden="true" aria-label="" style="height: 14px; width: auto; fill: rgb(255, 204, 0);"><g clip-path="url(#3b8wbmf19a)" transform="translate(-202 -2221)"><g clip-path="url(#n79ah32ilb)" transform="translate(202 2221)"><g clip-path="url(#h1bi9j7dcc)" transform="translate(1.25 2.5)"><path stroke="#767676" stroke-miterlimit="5" d="m8.75 12.188-5.143 2.51.982-5.318L.43 5.614l5.75-.776L8.75 0l2.572 4.838 5.75.776L12.91 9.38l.982 5.318-5.143-2.51z"></path></g></g></g></svg><svg xmlns="http://www.w3.org/2000/svg" width="10" height="20" viewBox="0 0 10 20" class="oct-icon" aria-hidden="true" aria-label="" style="height: 14px; width: auto; fill: rgb(255, 204, 0);"><g clip-path="url(#7gjj25igta)" transform="translate(-232 -2221)"><g clip-path="url(#dvqif6313b)" transform="translate(232 2221)"><g clip-path="url(#6r7ozri4zc)" transform="translate(-8.75 2.5)"><path stroke="#767676" stroke-miterlimit="5" d="m8.75 12.188-5.143 2.51.982-5.318L.43 5.614l5.75-.776L8.75 0l2.572 4.838 5.75.776L12.91 9.38l.982 5.318-5.143-2.51z"></path></g></g></g></svg></span><span><svg xmlns="http://www.w3.org/2000/svg" width="10" height="20" viewBox="0 0 10 20" class="oct-icon" aria-hidden="true" aria-label="" style="height: 14px; width: auto; fill: rgb(255, 204, 0);"><g clip-path="url(#3b8wbmf19a)" transform="translate(-202 -2221)"><g clip-path="url(#n79ah32ilb)" transform="translate(202 2221)"><g clip-path="url(#h1bi9j7dcc)" transform="translate(1.25 2.5)"><path stroke="#767676" stroke-miterlimit="5" d="m8.75 12.188-5.143 2.51.982-5.318L.43 5.614l5.75-.776L8.75 0l2.572 4.838 5.75.776L12.91 9.38l.982 5.318-5.143-2.51z"></path></g></g></g></svg><svg xmlns="http://www.w3.org/2000/svg" width="10" height="20" viewBox="0 0 10 20" class="oct-icon" aria-hidden="true" aria-label="" style="height: 14px; width: auto; fill: rgb(255, 204, 0);"><g clip-path="url(#7gjj25igta)" transform="translate(-232 -2221)"><g clip-path="url(#dvqif6313b)" transform="translate(232 2221)"><g clip-path="url(#6r7ozri4zc)" transform="translate(-8.75 2.5)"><path stroke="#767676" stroke-miterlimit="5" d="m8.75 12.188-5.143 2.51.982-5.318L.43 5.614l5.75-.776L8.75 0l2.572 4.838 5.75.776L12.91 9.38l.982 5.318-5.143-2.51z"></path></g></g></g></svg></span></div><div class="oct-reviews__optionalText"><a href="https://www.boots.com/mario-badescu-the-clear-look-set-10347782#BVRRContainer" class="oct-link oct-link--theme-text oct-color--boots-blue oct-reviews__count" aria-label="5 stars out of 5. 1 reviews"><span class="oct-reviews__optionalTextCount">(1)</span></a></div></div></div><div class="oct-teaser__offer__container" aria-label=""><div class="oct-teaser__wrap"><button data-testid="button" class="oct-button oct-button--ellipses oct-button--cta oct-button--cta-default oct-button--cta-default-responsive oct-teaser__offer oct-teaser__offer--isAvailable oct-button--cta-custom" aria-label="Save 20 percent on selected Mario Badescu"><div class="oct-button__content">Save 20 percent on selected Mario Badescu</div></button></div></div><div class="oct-teaser__price-wrapper oct-teaser__price-wrapper--saving oct-teaser__price-wrapper--current"><div class="oct-teaser__price-col1-wrapper"><p class="oct-text oct-text--standard oct-text--size_m oct-aem-text oct-aem-text--p--variant-subtext oct-teaser__productPrice" data-testid="text">£16.40</p><div class="oct-teaser__product-price-wrapper"><p class="oct-text oct-text--standard oct-text--size_m oct-aem-text oct-aem-text--p--variant-subtext oct-teaser__productPriceSave" data-testid="text">Save £4.10</p></div><p class="oct-text oct-text--standard oct-text--size_m oct-aem-text oct-aem-text--p--variant-subtext oct-teaser__productPriceWas" data-testid="text">Was £20.50</p></div></div><div class="oct-teaser__price-detail-wrapper"><p class="oct-text oct-text--standard oct-text--size_m oct-aem-text oct-aem-text--p--variant-subtext oct-teaser__productPriceDetail" data-testid="text"></p></div></div><div class="oct-teaser__calls-to-action oct-teaser__calls-to-action--two oct-teaser__calls-to-action--left"></div></div></div><div class="oct-teaser__foreground"><a href="https://www.boots.com/mario-badescu-the-clear-look-set-10347782" class="oct-link oct-link--theme-text oct-color--boots-blue oct-teaser-wrapper-link" tabindex="-1" aria-hidden="true" data-promo-creative="25% teaser" data-promo-position=""><div class="oct-image-link-wrapper"><img src="https://boots.scene7.com/is/image/Boots/10347782?op_sharpen=1" alt="Foreground image" class="oct-image oct-image--lazy" data-testid="lazy-image" decoding="async" loading="lazy"></div></a></div><div class="oct-teaser__calls-to-action oct-add-to-basket-callToAction oct-add-to-basket-callToAction--with-lister-basket"><div class="oct-add-to-basket"><div class="oct-input__iconContainer"><div></div><input type="hidden" class="oct-input" id="cmProductName_2998198" autocomplete="off" value="Mario Badescu The clear look set (10347782.P)" style=""></div><div class="oct-input__iconContainer"><div></div><input type="hidden" class="oct-input" id="catalogEntry_ID" name="catalogEntry_ID" autocomplete="off" value="2998198" style=""></div><div class="oct-input__iconContainer"><div></div><input type="hidden" class="oct-input" id="dlProductId_2998198" name="dlProductId_2998198" autocomplete="off" value="10347782.P" style=""></div><div class="oct-input__iconContainer"><div></div><input type="hidden" class="oct-input" id="dlProductName_2998198" name="dlProductName_2998198" autocomplete="off" value="Mario Badescu The clear look set" style=""></div><div class="oct-input__iconContainer"><div></div><input type="hidden" class="oct-input" id="dlParentCatentryID_10347782.P" name="dlParentCatentryID_10347782.P" autocomplete="off" value="2998198" style=""></div><div class="oct-input__iconContainer"><div></div><input type="hidden" class="oct-input" id="dlPackagePartNumber_2998198" name="dlPackagePartNumber_2998198" autocomplete="off" value="" style=""></div><div class="oct-add-to-basket__product_info-container"><div class="oct-add-to-basket__product_add noQuickBuy"><div class="oct-add-to-basket__quickBuySLPContainer quickBuySLPContainer"></div><div class="oct-add-to-basket__shopperActions shopperActions oct-add-to-basket__plp_shopperActions_redesign plp_shopperActions_redesign" id="shopperActionsRedesign2998198"><p class="oct-text oct-text--standard oct-text--size_m oct-aem-text oct-aem-text--p--variant-1 oct-add-to-basket__qty-errorMax qty_errorMax" data-testid="text" id="quantity_msg_2998198">Maximum quantity reached</p><div class="oct-add-to-basket__quantity-section quantity_section quantity_section_redesign" id="quantity_section_2998198"><button data-testid="button" class="oct-button oct-button--ellipses oct-button--cta oct-button--cta-default oct-button--cta-default-primaryTransparent oct-button--cta-default-responsive oct-aem-cta oct-add-to-basket__minus-quantity plus_quantity_disabled minus_quantity_redesign plus_quantity_disabled_redesign control-buttons oct-button--cta-midnight-blue-primary" to="" id="desreseQty_2998198" aria-label="Decrease Quantity Mario Badescu The clear look set" aria-hidden="false" data-icon="–"><div class="oct-button__content"></div></button><div class="oct-input__iconContainer"><div></div><input type="text" class="oct-input oct-add-to-basket__quantity-input quantity_input quantity_input_redesign" aria-label="quantity" name="quantity_$2998198" id="quantity_2998198" readonly="" maxlength="2" tabindex="-1" value="1" style=""></div><button data-testid="button" class="oct-button oct-button--ellipses oct-button--cta oct-button--cta-default oct-button--cta-default-primaryTransparent oct-button--cta-default-responsive oct-aem-cta oct-add-to-basket__plus-quantity plus_quantity plus_quantity_redesign control-buttons oct-button--cta-midnight-blue-primary" to="" id="increseQty_2998198" aria-label="Increase Quantity Mario Badescu The clear look set" aria-hidden="false" data-icon="+"><div class="oct-button__content"></div></button><div class="oct-add-to-basket__quantity-label quantity_label">in your basket</div></div><div class="oct-input__iconContainer"><div></div><input type="hidden" class="oct-input" name="freeGiftId_2998198" id="freeGiftId_2998198" value="" style=""></div><button data-testid="button" class="oct-button oct-button--ellipses oct-button--cta oct-button--cta-default oct-button--cta-default-primaryTransparent oct-button--cta-default-responsive oct-aem-cta oct-add-to-basket_button oct-button--cta-midnight-blue-primary" to="" id="add2CartBtn_2998198" eeindex="2" data-shop5="" aria-label="Add Mario Badescu The clear look set to basket"><div class="oct-button__content"><span class="oct-add-to-basket_button_text button_text button_text_redesign">Add to basket</span></div></button><div class="oct-input__iconContainer"><div></div><input type="hidden" class="oct-input" id="lister_orderItemId_2998198" name="lister_orderItemId" value="" style=""></div><div class="oct-input__iconContainer"><div></div><input type="hidden" class="oct-input" id="lister_orderItemQty_2998198" name="lister_orderItemId" value="0" style=""></div><div class="oct-add-to-basket--overlay" data-testid="oct-add-to-basket"><div class="oct-add-to-basket__overlay-popup oct-overlay-popup" id="basket_confirmation_popup_overlay"></div><div id="basket_confirmation_overlay_2998198" class="oct-add-to-basket__overlay-popup__dialog" style="display: none;"><div class="oct-add-to-basket__overlay-focus" role="dialog" aria-labelledby="2998198-dialog-message"><p class="oct-text oct-text--standard oct-text--size_m oct-aem-text oct-aem-text--p--variant-1 oct-add-to-basket__text" data-testid="text" id="2998198-dialog-message">Are you sure you want to remove this product?</p><a class="oct-link oct-link--theme-text oct-color--boots-blue oct-add-to-basket__close-btn" tabindex="0" title="Close overlay" role="button" aria-label="Close overlay">x</a><div class="row"><button data-testid="button" class="oct-button oct-button--default oct-button--default-default oct-button--default-default-responsive oct-add-to-basket__button-secondary oct-add-to-basket__button button" role="button"><div class="oct-button__content">Yes</div></button><button data-testid="button" class="oct-button oct-button--default oct-button--default-default oct-button--default-default-responsive oct-add-to-basket__button-tertiary oct-add-to-basket__button button" role="button"><div class="oct-button__content">No</div></button></div></div></div></div></div></div></div><div id="entitledItem_2998198" style="display: none;">[ { "catentry_id" : 2998199, "Attributes" : { }, "ItemImage" :
          "/wcsstore/eBootsStorefrontAssetStore/images/NoImageIcon.jpg",
          "ItemImage467" :
          "/wcsstore/eBootsStorefrontAssetStore/images/NoImageIcon.jpg",
          "ItemThumbnailImage" :
          "/wcsstore/eBootsStorefrontAssetStore/images/NoImageIcon_sm.jpg" } ]</div></div></div></div></div></div><div data-testid="cell" class="oct-grid__cell oct-grid__cell--width-3 oct-grid__cell--small-6 oct-grid__cell--medium-small-4 oct-grid__cell--medium-4 oct-grid__cell--medium-large-4 oct-listers-hits__item hit oct-listers__item--with-inGrid" data-insights-position="20" data-insights-query-id="9e35482c34e960965eebfb9265ec00be" data-insights-object-id="3093674" data-productid="10359365.P"><div class="oct-teaser-wrapper oct-teaser-with-basket oct-teaser-with-basket--productTile oct-teaser-with-lister-basket oct-teaser--listers oct-teaser--listers-default"><div class="oct-teaser oct-teaser--theme-productTile oct-teaser--border" style="text-align: left;"><div class="oct-teaser__promotion-offer-roundel-wrapper"><div class="oct-teaser__promotion-offer-roundel-item oct-teaser__promotion-offer-roundel-item--offer" aria-label="Item on offer" role="img">Offer</div></div><div class="oct-add-to-favorites" tabindex="0" role="checkbox" aria-checked="false" aria-label="Add item to favourites"><span class="oct-add-to-favorites__icon"></span></div><div class="oct-teaser__contents oct-teaser__contents--only-foreground-image"><div class="oct-teaser__contents-panel oct-teaser__contents-panel"><div class="oct-teaser__contents-panel--main-content"><div><img src="data:image/svg+xml;base64,PHN2ZyB4bWxucz0iaHR0cDovL3d3dy53My5vcmcvMjAwMC9zdmciIHdpZHRoPSIzMjUiIGhlaWdodD0iMzI1Ij48cmVjdCB3aWR0aD0iMTAwJSIgaGVpZ2h0PSIxMDAlIiBzdHlsZT0iZmlsbDojZjJmMmYyIi8+PC9zdmc+" alt="test" class="oct-image oct-teaser__contents-panel__logo oct-teaser__contents-panel__logo--small oct-image--lazy" data-testid="lazy-image" decoding="async" loading="lazy"></div><a href="https://www.boots.com/boots-ingredients-glycolic-acid-toner-100ml-10359365" class="oct-link oct-link--theme-text oct-color--boots-blue oct-teaser__title-link" aria-label="" title="Boots Ingredients Glycolic Acid Toner 5% 100ml"><h3 class="oct-text oct-text--standard oct-text--size_m oct-aem-text oct-aem-text--h3--variant-1 oct-teaser__subtitle" data-testid="text">none</h3><div><h3 class="oct-text oct-text--standard oct-text--size_m oct-aem-text oct-aem-text--h3--variant-2 oct-teaser__title oct-teaser-with-listers" data-testid="text">Boots Ingredients Glycolic Acid Toner 5% 100ml</h3></div></a><div class="oct-reviews__reviews-container" aria-label=""><div class="oct-reviews"><div class="oct-reviews__icons" data-testid="reviews__icons"><span><svg xmlns="http://www.w3.org/2000/svg" width="10" height="20" viewBox="0 0 10 20" class="oct-icon" aria-hidden="true" aria-label="" style="height: 14px; width: auto; fill: rgb(255, 204, 0);"><g clip-path="url(#3b8wbmf19a)" transform="translate(-202 -2221)"><g clip-path="url(#n79ah32ilb)" transform="translate(202 2221)"><g clip-path="url(#h1bi9j7dcc)" transform="translate(1.25 2.5)"><path stroke="#767676" stroke-miterlimit="5" d="m8.75 12.188-5.143 2.51.982-5.318L.43 5.614l5.75-.776L8.75 0l2.572 4.838 5.75.776L12.91 9.38l.982 5.318-5.143-2.51z"></path></g></g></g></svg><svg xmlns="http://www.w3.org/2000/svg" width="10" height="20" viewBox="0 0 10 20" class="oct-icon" aria-hidden="true" aria-label="" style="height: 14px; width: auto; fill: rgb(255, 204, 0);"><g clip-path="url(#7gjj25igta)" transform="translate(-232 -2221)"><g clip-path="url(#dvqif6313b)" transform="translate(232 2221)"><g clip-path="url(#6r7ozri4zc)" transform="translate(-8.75 2.5)"><path stroke="#767676" stroke-miterlimit="5" d="m8.75 12.188-5.143 2.51.982-5.318L.43 5.614l5.75-.776L8.75 0l2.572 4.838 5.75.776L12.91 9.38l.982 5.318-5.143-2.51z"></path></g></g></g></svg></span><span><svg xmlns="http://www.w3.org/2000/svg" width="10" height="20" viewBox="0 0 10 20" class="oct-icon" aria-hidden="true" aria-label="" style="height: 14px; width: auto; fill: rgb(255, 204, 0);"><g clip-path="url(#3b8wbmf19a)" transform="translate(-202 -2221)"><g clip-path="url(#n79ah32ilb)" transform="translate(202 2221)"><g clip-path="url(#h1bi9j7dcc)" transform="translate(1.25 2.5)"><path stroke="#767676" stroke-miterlimit="5" d="m8.75 12.188-5.143 2.51.982-5.318L.43 5.614l5.75-.776L8.75 0l2.572 4.838 5.75.776L12.91 9.38l.982 5.318-5.143-2.51z"></path></g></g></g></svg><svg xmlns="http://www.w3.org/2000/svg" width="10" height="20" viewBox="0 0 10 20" class="oct-icon" aria-hidden="true" aria-label="" style="height: 14px; width: auto; fill: rgb(255, 204, 0);"><g clip-path="url(#7gjj25igta)" transform="translate(-232 -2221)"><g clip-path="url(#dvqif6313b)" transform="translate(232 2221)"><g clip-path="url(#6r7ozri4zc)" transform="translate(-8.75 2.5)"><path stroke="#767676" stroke-miterlimit="5" d="m8.75 12.188-5.143 2.51.982-5.318L.43 5.614l5.75-.776L8.75 0l2.572 4.838 5.75.776L12.91 9.38l.982 5.318-5.143-2.51z"></path></g></g></g></svg></span><span><svg xmlns="http://www.w3.org/2000/svg" width="10" height="20" viewBox="0 0 10 20" class="oct-icon" aria-hidden="true" aria-label="" style="height: 14px; width: auto; fill: rgb(255, 204, 0);"><g clip-path="url(#3b8wbmf19a)" transform="translate(-202 -2221)"><g clip-path="url(#n79ah32ilb)" transform="translate(202 2221)"><g clip-path="url(#h1bi9j7dcc)" transform="translate(1.25 2.5)"><path stroke="#767676" stroke-miterlimit="5" d="m8.75 12.188-5.143 2.51.982-5.318L.43 5.614l5.75-.776L8.75 0l2.572 4.838 5.75.776L12.91 9.38l.982 5.318-5.143-2.51z"></path></g></g></g></svg><svg xmlns="http://www.w3.org/2000/svg" width="10" height="20" viewBox="0 0 10 20" class="oct-icon" aria-hidden="true" aria-label="" style="height: 14px; width: auto; fill: rgb(255, 204, 0);"><g clip-path="url(#7gjj25igta)" transform="translate(-232 -2221)"><g clip-path="url(#dvqif6313b)" transform="translate(232 2221)"><g clip-path="url(#6r7ozri4zc)" transform="translate(-8.75 2.5)"><path stroke="#767676" stroke-miterlimit="5" d="m8.75 12.188-5.143 2.51.982-5.318L.43 5.614l5.75-.776L8.75 0l2.572 4.838 5.75.776L12.91 9.38l.982 5.318-5.143-2.51z"></path></g></g></g></svg></span><span><svg xmlns="http://www.w3.org/2000/svg" width="10" height="20" viewBox="0 0 10 20" class="oct-icon" aria-hidden="true" aria-label="" style="height: 14px; width: auto; fill: rgb(255, 204, 0);"><g clip-path="url(#3b8wbmf19a)" transform="translate(-202 -2221)"><g clip-path="url(#n79ah32ilb)" transform="translate(202 2221)"><g clip-path="url(#h1bi9j7dcc)" transform="translate(1.25 2.5)"><path stroke="#767676" stroke-miterlimit="5" d="m8.75 12.188-5.143 2.51.982-5.318L.43 5.614l5.75-.776L8.75 0l2.572 4.838 5.75.776L12.91 9.38l.982 5.318-5.143-2.51z"></path></g></g></g></svg><svg xmlns="http://www.w3.org/2000/svg" width="10" height="20" viewBox="0 0 10 20" class="oct-icon" aria-hidden="true" aria-label="" style="height: 14px; width: auto; fill: rgb(255, 204, 0);"><g clip-path="url(#7gjj25igta)" transform="translate(-232 -2221)"><g clip-path="url(#dvqif6313b)" transform="translate(232 2221)"><g clip-path="url(#6r7ozri4zc)" transform="translate(-8.75 2.5)"><path stroke="#767676" stroke-miterlimit="5" d="m8.75 12.188-5.143 2.51.982-5.318L.43 5.614l5.75-.776L8.75 0l2.572 4.838 5.75.776L12.91 9.38l.982 5.318-5.143-2.51z"></path></g></g></g></svg></span><span><svg xmlns="http://www.w3.org/2000/svg" width="10" height="20" viewBox="0 0 10 20" class="oct-icon" aria-hidden="true" aria-label="" style="height: 14px; width: auto; fill: rgb(255, 204, 0);"><g clip-path="url(#3b8wbmf19a)" transform="translate(-202 -2221)"><g clip-path="url(#n79ah32ilb)" transform="translate(202 2221)"><g clip-path="url(#h1bi9j7dcc)" transform="translate(1.25 2.5)"><path stroke="#767676" stroke-miterlimit="5" d="m8.75 12.188-5.143 2.51.982-5.318L.43 5.614l5.75-.776L8.75 0l2.572 4.838 5.75.776L12.91 9.38l.982 5.318-5.143-2.51z"></path></g></g></g></svg><svg xmlns="http://www.w3.org/2000/svg" width="10" height="20" viewBox="0 0 10 20" class="oct-icon" aria-hidden="true" aria-label="" style="height: 14px; width: auto; fill: rgb(255, 204, 0);"><g clip-path="url(#7gjj25igta)" transform="translate(-232 -2221)"><g clip-path="url(#dvqif6313b)" transform="translate(232 2221)"><g clip-path="url(#6r7ozri4zc)" transform="translate(-8.75 2.5)"><path stroke="#767676" stroke-miterlimit="5" d="m8.75 12.188-5.143 2.51.982-5.318L.43 5.614l5.75-.776L8.75 0l2.572 4.838 5.75.776L12.91 9.38l.982 5.318-5.143-2.51z"></path></g></g></g></svg></span></div><div class="oct-reviews__optionalText"><a href="https://www.boots.com/boots-ingredients-glycolic-acid-toner-100ml-10359365#BVRRContainer" class="oct-link oct-link--theme-text oct-color--boots-blue oct-reviews__count" aria-label="5 stars out of 5. 1 reviews"><span class="oct-reviews__optionalTextCount">(1)</span></a></div></div></div><div class="oct-teaser__offer__container" aria-label=""><div class="oct-teaser__wrap"><button data-testid="button" class="oct-button oct-button--ellipses oct-button--cta oct-button--cta-default oct-button--cta-default-responsive oct-teaser__offer oct-teaser__offer--isAvailable oct-button--cta-custom" aria-label="Save 10 percent on selected Boots Brand with your Advantage Card - discount applied at basket"><div class="oct-button__content">Save 10 percent on selected Boots Brand with your Advantage Card - discount applied at basket</div></button></div></div><div class="oct-teaser__price-wrapper oct-teaser__price-wrapper--current"><div class="oct-teaser__price-col1-wrapper"><p class="oct-text oct-text--standard oct-text--size_m oct-aem-text oct-aem-text--p--variant-subtext oct-teaser__productPrice" data-testid="text">£5.00</p><div class="oct-teaser__product-price-wrapper"></div></div></div><div class="oct-teaser__price-detail-wrapper"><p class="oct-text oct-text--standard oct-text--size_m oct-aem-text oct-aem-text--p--variant-subtext oct-teaser__productPriceDetail" data-testid="text">100ML | £5.00 per 100ML</p></div></div><div class="oct-teaser__calls-to-action oct-teaser__calls-to-action--two oct-teaser__calls-to-action--left"></div></div></div><div class="oct-teaser__foreground"><a href="https://www.boots.com/boots-ingredients-glycolic-acid-toner-100ml-10359365" class="oct-link oct-link--theme-text oct-color--boots-blue oct-teaser-wrapper-link" tabindex="-1" aria-hidden="true" data-promo-creative="25% teaser" data-promo-position=""><div class="oct-image-link-wrapper"><img src="https://boots.scene7.com/is/image/Boots/10359365?op_sharpen=1" alt="Foreground image" class="oct-image oct-image--lazy" data-testid="lazy-image" decoding="async" loading="lazy"></div></a></div><div class="oct-teaser__calls-to-action oct-add-to-basket-callToAction oct-add-to-basket-callToAction--with-lister-basket"><div class="oct-add-to-basket"><div class="oct-input__iconContainer"><div></div><input type="hidden" class="oct-input" id="cmProductName_3093673" autocomplete="off" value="Boots Ingredients Glycolic Acid Toner 5% 100ml (10359365.P)" style=""></div><div class="oct-input__iconContainer"><div></div><input type="hidden" class="oct-input" id="catalogEntry_ID" name="catalogEntry_ID" autocomplete="off" value="3093673" style=""></div><div class="oct-input__iconContainer"><div></div><input type="hidden" class="oct-input" id="dlProductId_3093673" name="dlProductId_3093673" autocomplete="off" value="10359365.P" style=""></div><div class="oct-input__iconContainer"><div></div><input type="hidden" class="oct-input" id="dlProductName_3093673" name="dlProductName_3093673" autocomplete="off" value="Boots Ingredients Glycolic Acid Toner 5% 100ml" style=""></div><div class="oct-input__iconContainer"><div></div><input type="hidden" class="oct-input" id="dlParentCatentryID_10359365.P" name="dlParentCatentryID_10359365.P" autocomplete="off" value="3093673" style=""></div><div class="oct-input__iconContainer"><div></div><input type="hidden" class="oct-input" id="dlPackagePartNumber_3093673" name="dlPackagePartNumber_3093673" autocomplete="off" value="" style=""></div><div class="oct-add-to-basket__product_info-container"><div class="oct-add-to-basket__product_add noQuickBuy"><div class="oct-add-to-basket__quickBuySLPContainer quickBuySLPContainer"></div><div class="oct-add-to-basket__shopperActions shopperActions oct-add-to-basket__plp_shopperActions_redesign plp_shopperActions_redesign" id="shopperActionsRedesign3093673"><p class="oct-text oct-text--standard oct-text--size_m oct-aem-text oct-aem-text--p--variant-1 oct-add-to-basket__qty-errorMax qty_errorMax" data-testid="text" id="quantity_msg_3093673">Maximum quantity reached</p><div class="oct-add-to-basket__quantity-section quantity_section quantity_section_redesign" id="quantity_section_3093673"><button data-testid="button" class="oct-button oct-button--ellipses oct-button--cta oct-button--cta-default oct-button--cta-default-primaryTransparent oct-button--cta-default-responsive oct-aem-cta oct-add-to-basket__minus-quantity plus_quantity_disabled minus_quantity_redesign plus_quantity_disabled_redesign control-buttons oct-button--cta-midnight-blue-primary" to="" id="desreseQty_3093673" aria-label="Decrease Quantity Boots Ingredients Glycolic Acid Toner 5% 100ml" aria-hidden="false" data-icon="–"><div class="oct-button__content"></div></button><div class="oct-input__iconContainer"><div></div><input type="text" class="oct-input oct-add-to-basket__quantity-input quantity_input quantity_input_redesign" aria-label="quantity" name="quantity_$3093673" id="quantity_3093673" readonly="" maxlength="2" tabindex="-1" value="1" style=""></div><button data-testid="button" class="oct-button oct-button--ellipses oct-button--cta oct-button--cta-default oct-button--cta-default-primaryTransparent oct-button--cta-default-responsive oct-aem-cta oct-add-to-basket__plus-quantity plus_quantity plus_quantity_redesign control-buttons oct-button--cta-midnight-blue-primary" to="" id="increseQty_3093673" aria-label="Increase Quantity Boots Ingredients Glycolic Acid Toner 5% 100ml" aria-hidden="false" data-icon="+"><div class="oct-button__content"></div></button><div class="oct-add-to-basket__quantity-label quantity_label">in your basket</div></div><div class="oct-input__iconContainer"><div></div><input type="hidden" class="oct-input" name="freeGiftId_3093673" id="freeGiftId_3093673" value="" style=""></div><button data-testid="button" class="oct-button oct-button--ellipses oct-button--cta oct-button--cta-default oct-button--cta-default-primaryTransparent oct-button--cta-default-responsive oct-aem-cta oct-add-to-basket_button oct-button--cta-midnight-blue-primary" to="" id="add2CartBtn_3093673" eeindex="2" data-shop5="" aria-label="Add Boots Ingredients Glycolic Acid Toner 5% 100ml to basket"><div class="oct-button__content"><span class="oct-add-to-basket_button_text button_text button_text_redesign">Add to basket</span></div></button><div class="oct-input__iconContainer"><div></div><input type="hidden" class="oct-input" id="lister_orderItemId_3093673" name="lister_orderItemId" value="" style=""></div><div class="oct-input__iconContainer"><div></div><input type="hidden" class="oct-input" id="lister_orderItemQty_3093673" name="lister_orderItemId" value="0" style=""></div><div class="oct-add-to-basket--overlay" data-testid="oct-add-to-basket"><div class="oct-add-to-basket__overlay-popup oct-overlay-popup" id="basket_confirmation_popup_overlay"></div><div id="basket_confirmation_overlay_3093673" class="oct-add-to-basket__overlay-popup__dialog" style="display: none;"><div class="oct-add-to-basket__overlay-focus" role="dialog" aria-labelledby="3093673-dialog-message"><p class="oct-text oct-text--standard oct-text--size_m oct-aem-text oct-aem-text--p--variant-1 oct-add-to-basket__text" data-testid="text" id="3093673-dialog-message">Are you sure you want to remove this product?</p><a class="oct-link oct-link--theme-text oct-color--boots-blue oct-add-to-basket__close-btn" tabindex="0" title="Close overlay" role="button" aria-label="Close overlay">x</a><div class="row"><button data-testid="button" class="oct-button oct-button--default oct-button--default-default oct-button--default-default-responsive oct-add-to-basket__button-secondary oct-add-to-basket__button button" role="button"><div class="oct-button__content">Yes</div></button><button data-testid="button" class="oct-button oct-button--default oct-button--default-default oct-button--default-default-responsive oct-add-to-basket__button-tertiary oct-add-to-basket__button button" role="button"><div class="oct-button__content">No</div></button></div></div></div></div></div></div></div><div id="entitledItem_3093673" style="display: none;">[ { "catentry_id" : 3093674, "Attributes" : { }, "ItemImage" :
          "/wcsstore/eBootsStorefrontAssetStore/images/NoImageIcon.jpg",
          "ItemImage467" :
          "/wcsstore/eBootsStorefrontAssetStore/images/NoImageIcon.jpg",
          "ItemThumbnailImage" :
          "/wcsstore/eBootsStorefrontAssetStore/images/NoImageIcon_sm.jpg" } ]</div></div></div></div></div></div><div data-testid="cell" class="oct-grid__cell oct-grid__cell--width-3 oct-grid__cell--small-6 oct-grid__cell--medium-small-4 oct-grid__cell--medium-4 oct-grid__cell--medium-large-4 oct-listers-hits__item hit oct-listers__item--with-inGrid" data-insights-position="21" data-insights-query-id="9e35482c34e960965eebfb9265ec00be" data-insights-object-id="2900595" data-productid="10336599.P"><div class="oct-teaser-wrapper oct-teaser-with-basket oct-teaser-with-basket--productTile oct-teaser-with-lister-basket oct-teaser--listers oct-teaser--listers-default"><div class="oct-teaser oct-teaser--theme-productTile oct-teaser--border" style="text-align: left;"><div class="oct-teaser__promotion-offer-roundel-wrapper"><div class="oct-teaser__promotion-offer-roundel-item oct-teaser__promotion-offer-roundel-item--offer" aria-label="Item on offer" role="img">Offer</div></div><div class="oct-add-to-favorites" tabindex="0" role="checkbox" aria-checked="false" aria-label="Add item to favourites"><span class="oct-add-to-favorites__icon"></span></div><div class="oct-teaser__contents oct-teaser__contents--only-foreground-image"><div class="oct-teaser__contents-panel oct-teaser__contents-panel"><div class="oct-teaser__contents-panel--main-content"><div><img src="data:image/svg+xml;base64,PHN2ZyB4bWxucz0iaHR0cDovL3d3dy53My5vcmcvMjAwMC9zdmciIHdpZHRoPSIzMjUiIGhlaWdodD0iMzI1Ij48cmVjdCB3aWR0aD0iMTAwJSIgaGVpZ2h0PSIxMDAlIiBzdHlsZT0iZmlsbDojZjJmMmYyIi8+PC9zdmc+" alt="test" class="oct-image oct-teaser__contents-panel__logo oct-teaser__contents-panel__logo--small oct-image--lazy" data-testid="lazy-image" decoding="async" loading="lazy"></div><a href="https://www.boots.com/dr-jartand-ceramidin-skin-barrier-moisturising-cream-75ml-10336599" class="oct-link oct-link--theme-text oct-color--boots-blue oct-teaser__title-link" aria-label="" title="Dr Jart+ Ceramidin Skin Barrier Moisturising Cream 75ml"><h3 class="oct-text oct-text--standard oct-text--size_m oct-aem-text oct-aem-text--h3--variant-1 oct-teaser__subtitle" data-testid="text">none</h3><div><h3 class="oct-text oct-text--standard oct-text--size_m oct-aem-text oct-aem-text--h3--variant-2 oct-teaser__title oct-teaser-with-listers" data-testid="text">Dr Jart+ Ceramidin Skin Barrier Moisturising Cream 75ml</h3></div></a><div class="oct-reviews__reviews-container" aria-label=""><div class="oct-reviews"><div class="oct-reviews__icons" data-testid="reviews__icons"><span><svg xmlns="http://www.w3.org/2000/svg" width="10" height="20" viewBox="0 0 10 20" class="oct-icon" aria-hidden="true" aria-label="" style="height: 14px; width: auto; fill: rgb(255, 204, 0);"><g clip-path="url(#3b8wbmf19a)" transform="translate(-202 -2221)"><g clip-path="url(#n79ah32ilb)" transform="translate(202 2221)"><g clip-path="url(#h1bi9j7dcc)" transform="translate(1.25 2.5)"><path stroke="#767676" stroke-miterlimit="5" d="m8.75 12.188-5.143 2.51.982-5.318L.43 5.614l5.75-.776L8.75 0l2.572 4.838 5.75.776L12.91 9.38l.982 5.318-5.143-2.51z"></path></g></g></g></svg><svg xmlns="http://www.w3.org/2000/svg" width="10" height="20" viewBox="0 0 10 20" class="oct-icon" aria-hidden="true" aria-label="" style="height: 14px; width: auto; fill: rgb(255, 204, 0);"><g clip-path="url(#7gjj25igta)" transform="translate(-232 -2221)"><g clip-path="url(#dvqif6313b)" transform="translate(232 2221)"><g clip-path="url(#6r7ozri4zc)" transform="translate(-8.75 2.5)"><path stroke="#767676" stroke-miterlimit="5" d="m8.75 12.188-5.143 2.51.982-5.318L.43 5.614l5.75-.776L8.75 0l2.572 4.838 5.75.776L12.91 9.38l.982 5.318-5.143-2.51z"></path></g></g></g></svg></span><span><svg xmlns="http://www.w3.org/2000/svg" width="10" height="20" viewBox="0 0 10 20" class="oct-icon" aria-hidden="true" aria-label="" style="height: 14px; width: auto; fill: rgb(255, 204, 0);"><g clip-path="url(#3b8wbmf19a)" transform="translate(-202 -2221)"><g clip-path="url(#n79ah32ilb)" transform="translate(202 2221)"><g clip-path="url(#h1bi9j7dcc)" transform="translate(1.25 2.5)"><path stroke="#767676" stroke-miterlimit="5" d="m8.75 12.188-5.143 2.51.982-5.318L.43 5.614l5.75-.776L8.75 0l2.572 4.838 5.75.776L12.91 9.38l.982 5.318-5.143-2.51z"></path></g></g></g></svg><svg xmlns="http://www.w3.org/2000/svg" width="10" height="20" viewBox="0 0 10 20" class="oct-icon" aria-hidden="true" aria-label="" style="height: 14px; width: auto; fill: rgb(255, 204, 0);"><g clip-path="url(#7gjj25igta)" transform="translate(-232 -2221)"><g clip-path="url(#dvqif6313b)" transform="translate(232 2221)"><g clip-path="url(#6r7ozri4zc)" transform="translate(-8.75 2.5)"><path stroke="#767676" stroke-miterlimit="5" d="m8.75 12.188-5.143 2.51.982-5.318L.43 5.614l5.75-.776L8.75 0l2.572 4.838 5.75.776L12.91 9.38l.982 5.318-5.143-2.51z"></path></g></g></g></svg></span><span><svg xmlns="http://www.w3.org/2000/svg" width="10" height="20" viewBox="0 0 10 20" class="oct-icon" aria-hidden="true" aria-label="" style="height: 14px; width: auto; fill: rgb(255, 204, 0);"><g clip-path="url(#3b8wbmf19a)" transform="translate(-202 -2221)"><g clip-path="url(#n79ah32ilb)" transform="translate(202 2221)"><g clip-path="url(#h1bi9j7dcc)" transform="translate(1.25 2.5)"><path stroke="#767676" stroke-miterlimit="5" d="m8.75 12.188-5.143 2.51.982-5.318L.43 5.614l5.75-.776L8.75 0l2.572 4.838 5.75.776L12.91 9.38l.982 5.318-5.143-2.51z"></path></g></g></g></svg><svg xmlns="http://www.w3.org/2000/svg" width="10" height="20" viewBox="0 0 10 20" class="oct-icon" aria-hidden="true" aria-label="" style="height: 14px; width: auto; fill: rgb(255, 204, 0);"><g clip-path="url(#7gjj25igta)" transform="translate(-232 -2221)"><g clip-path="url(#dvqif6313b)" transform="translate(232 2221)"><g clip-path="url(#6r7ozri4zc)" transform="translate(-8.75 2.5)"><path stroke="#767676" stroke-miterlimit="5" d="m8.75 12.188-5.143 2.51.982-5.318L.43 5.614l5.75-.776L8.75 0l2.572 4.838 5.75.776L12.91 9.38l.982 5.318-5.143-2.51z"></path></g></g></g></svg></span><span><svg xmlns="http://www.w3.org/2000/svg" width="10" height="20" viewBox="0 0 10 20" class="oct-icon" aria-hidden="true" aria-label="" style="height: 14px; width: auto; fill: rgb(255, 204, 0);"><g clip-path="url(#3b8wbmf19a)" transform="translate(-202 -2221)"><g clip-path="url(#n79ah32ilb)" transform="translate(202 2221)"><g clip-path="url(#h1bi9j7dcc)" transform="translate(1.25 2.5)"><path stroke="#767676" stroke-miterlimit="5" d="m8.75 12.188-5.143 2.51.982-5.318L.43 5.614l5.75-.776L8.75 0l2.572 4.838 5.75.776L12.91 9.38l.982 5.318-5.143-2.51z"></path></g></g></g></svg><svg xmlns="http://www.w3.org/2000/svg" width="10" height="20" viewBox="0 0 10 20" class="oct-icon" aria-hidden="true" aria-label="" style="height: 14px; width: auto; fill: rgb(255, 204, 0);"><g clip-path="url(#7gjj25igta)" transform="translate(-232 -2221)"><g clip-path="url(#dvqif6313b)" transform="translate(232 2221)"><g clip-path="url(#6r7ozri4zc)" transform="translate(-8.75 2.5)"><path stroke="#767676" stroke-miterlimit="5" d="m8.75 12.188-5.143 2.51.982-5.318L.43 5.614l5.75-.776L8.75 0l2.572 4.838 5.75.776L12.91 9.38l.982 5.318-5.143-2.51z"></path></g></g></g></svg></span><span><svg xmlns="http://www.w3.org/2000/svg" width="10" height="20" viewBox="0 0 10 20" class="oct-icon" aria-hidden="true" aria-label="" style="height: 14px; width: auto; fill: rgb(255, 204, 0);"><g clip-path="url(#3b8wbmf19a)" transform="translate(-202 -2221)"><g clip-path="url(#n79ah32ilb)" transform="translate(202 2221)"><g clip-path="url(#h1bi9j7dcc)" transform="translate(1.25 2.5)"><path stroke="#767676" stroke-miterlimit="5" d="m8.75 12.188-5.143 2.51.982-5.318L.43 5.614l5.75-.776L8.75 0l2.572 4.838 5.75.776L12.91 9.38l.982 5.318-5.143-2.51z"></path></g></g></g></svg><svg xmlns="http://www.w3.org/2000/svg" width="10" height="20" viewBox="0 0 10 20" class="oct-icon" aria-hidden="true" aria-label="" style="height: 14px; width: auto; fill: rgb(255, 204, 0);"><g clip-path="url(#7gjj25igta)" transform="translate(-232 -2221)"><g clip-path="url(#dvqif6313b)" transform="translate(232 2221)"><g clip-path="url(#6r7ozri4zc)" transform="translate(-8.75 2.5)"><path stroke="#767676" stroke-miterlimit="5" d="m8.75 12.188-5.143 2.51.982-5.318L.43 5.614l5.75-.776L8.75 0l2.572 4.838 5.75.776L12.91 9.38l.982 5.318-5.143-2.51z"></path></g></g></g></svg></span></div><div class="oct-reviews__optionalText"><a href="https://www.boots.com/dr-jartand-ceramidin-skin-barrier-moisturising-cream-75ml-10336599#BVRRContainer" class="oct-link oct-link--theme-text oct-color--boots-blue oct-reviews__count" aria-label="5 stars out of 5. 7 reviews"><span class="oct-reviews__optionalTextCount">(7)</span></a></div></div></div><div class="oct-teaser__offer__container" aria-label=""><div class="oct-teaser__wrap"><button data-testid="button" class="oct-button oct-button--ellipses oct-button--cta oct-button--cta-default oct-button--cta-default-responsive oct-teaser__offer oct-teaser__offer--isAvailable oct-button--cta-custom" aria-label="Save up to 25 percent on selected Premium Beauty"><div class="oct-button__content">Save up to 25 percent on selected Premium Beauty</div></button></div></div><div class="oct-teaser__price-wrapper oct-teaser__price-wrapper--saving oct-teaser__price-wrapper--current"><div class="oct-teaser__price-col1-wrapper"><p class="oct-text oct-text--standard oct-text--size_m oct-aem-text oct-aem-text--p--variant-subtext oct-teaser__productPrice" data-testid="text">£30.40</p><div class="oct-teaser__product-price-wrapper"><p class="oct-text oct-text--standard oct-text--size_m oct-aem-text oct-aem-text--p--variant-subtext oct-teaser__productPriceSave" data-testid="text">Save £7.60</p></div><p class="oct-text oct-text--standard oct-text--size_m oct-aem-text oct-aem-text--p--variant-subtext oct-teaser__productPriceWas" data-testid="text">Was £38.00</p></div></div><div class="oct-teaser__price-detail-wrapper"><p class="oct-text oct-text--standard oct-text--size_m oct-aem-text oct-aem-text--p--variant-subtext oct-teaser__productPriceDetail" data-testid="text">75ML | £40.53 per 100ML</p></div></div><div class="oct-teaser__calls-to-action oct-teaser__calls-to-action--two oct-teaser__calls-to-action--left"></div></div></div><div class="oct-teaser__foreground"><a href="https://www.boots.com/dr-jartand-ceramidin-skin-barrier-moisturising-cream-75ml-10336599" class="oct-link oct-link--theme-text oct-color--boots-blue oct-teaser-wrapper-link" tabindex="-1" aria-hidden="true" data-promo-creative="25% teaser" data-promo-position=""><div class="oct-image-link-wrapper"><img src="https://boots.scene7.com/is/image/Boots/10336599?op_sharpen=1" alt="Foreground image" class="oct-image oct-image--lazy" data-testid="lazy-image" decoding="async" loading="lazy"></div></a></div><div class="oct-teaser__calls-to-action oct-add-to-basket-callToAction oct-add-to-basket-callToAction--with-lister-basket"><div class="oct-add-to-basket"><div class="oct-input__iconContainer"><div></div><input type="hidden" class="oct-input" id="cmProductName_2900594" autocomplete="off" value="Dr Jart+ Ceramidin Skin Barrier Moisturising Cream 75ml (10336599.P)" style=""></div><div class="oct-input__iconContainer"><div></div><input type="hidden" class="oct-input" id="catalogEntry_ID" name="catalogEntry_ID" autocomplete="off" value="2900594" style=""></div><div class="oct-input__iconContainer"><div></div><input type="hidden" class="oct-input" id="dlProductId_2900594" name="dlProductId_2900594" autocomplete="off" value="10336599.P" style=""></div><div class="oct-input__iconContainer"><div></div><input type="hidden" class="oct-input" id="dlProductName_2900594" name="dlProductName_2900594" autocomplete="off" value="Dr Jart+ Ceramidin Skin Barrier Moisturising Cream 75ml" style=""></div><div class="oct-input__iconContainer"><div></div><input type="hidden" class="oct-input" id="dlParentCatentryID_10336599.P" name="dlParentCatentryID_10336599.P" autocomplete="off" value="2900594" style=""></div><div class="oct-input__iconContainer"><div></div><input type="hidden" class="oct-input" id="dlPackagePartNumber_2900594" name="dlPackagePartNumber_2900594" autocomplete="off" value="" style=""></div><div class="oct-add-to-basket__product_info-container"><div class="oct-add-to-basket__product_add noQuickBuy"><div class="oct-add-to-basket__quickBuySLPContainer quickBuySLPContainer"></div><div class="oct-add-to-basket__shopperActions shopperActions oct-add-to-basket__plp_shopperActions_redesign plp_shopperActions_redesign" id="shopperActionsRedesign2900594"><p class="oct-text oct-text--standard oct-text--size_m oct-aem-text oct-aem-text--p--variant-1 oct-add-to-basket__qty-errorMax qty_errorMax" data-testid="text" id="quantity_msg_2900594">Maximum quantity reached</p><div class="oct-add-to-basket__quantity-section quantity_section quantity_section_redesign" id="quantity_section_2900594"><button data-testid="button" class="oct-button oct-button--ellipses oct-button--cta oct-button--cta-default oct-button--cta-default-primaryTransparent oct-button--cta-default-responsive oct-aem-cta oct-add-to-basket__minus-quantity plus_quantity_disabled minus_quantity_redesign plus_quantity_disabled_redesign control-buttons oct-button--cta-midnight-blue-primary" to="" id="desreseQty_2900594" aria-label="Decrease Quantity Dr Jart+ Ceramidin Skin Barrier Moisturising Cream 75ml" aria-hidden="false" data-icon="–"><div class="oct-button__content"></div></button><div class="oct-input__iconContainer"><div></div><input type="text" class="oct-input oct-add-to-basket__quantity-input quantity_input quantity_input_redesign" aria-label="quantity" name="quantity_$2900594" id="quantity_2900594" readonly="" maxlength="2" tabindex="-1" value="1" style=""></div><button data-testid="button" class="oct-button oct-button--ellipses oct-button--cta oct-button--cta-default oct-button--cta-default-primaryTransparent oct-button--cta-default-responsive oct-aem-cta oct-add-to-basket__plus-quantity plus_quantity plus_quantity_redesign control-buttons oct-button--cta-midnight-blue-primary" to="" id="increseQty_2900594" aria-label="Increase Quantity Dr Jart+ Ceramidin Skin Barrier Moisturising Cream 75ml" aria-hidden="false" data-icon="+"><div class="oct-button__content"></div></button><div class="oct-add-to-basket__quantity-label quantity_label">in your basket</div></div><div class="oct-input__iconContainer"><div></div><input type="hidden" class="oct-input" name="freeGiftId_2900594" id="freeGiftId_2900594" value="" style=""></div><button data-testid="button" class="oct-button oct-button--ellipses oct-button--cta oct-button--cta-default oct-button--cta-default-primaryTransparent oct-button--cta-default-responsive oct-aem-cta oct-add-to-basket_button oct-button--cta-midnight-blue-primary" to="" id="add2CartBtn_2900594" eeindex="2" data-shop5="" aria-label="Add Dr Jart+ Ceramidin Skin Barrier Moisturising Cream 75ml to basket"><div class="oct-button__content"><span class="oct-add-to-basket_button_text button_text button_text_redesign">Add to basket</span></div></button><div class="oct-input__iconContainer"><div></div><input type="hidden" class="oct-input" id="lister_orderItemId_2900594" name="lister_orderItemId" value="" style=""></div><div class="oct-input__iconContainer"><div></div><input type="hidden" class="oct-input" id="lister_orderItemQty_2900594" name="lister_orderItemId" value="0" style=""></div><div class="oct-add-to-basket--overlay" data-testid="oct-add-to-basket"><div class="oct-add-to-basket__overlay-popup oct-overlay-popup" id="basket_confirmation_popup_overlay"></div><div id="basket_confirmation_overlay_2900594" class="oct-add-to-basket__overlay-popup__dialog" style="display: none;"><div class="oct-add-to-basket__overlay-focus" role="dialog" aria-labelledby="2900594-dialog-message"><p class="oct-text oct-text--standard oct-text--size_m oct-aem-text oct-aem-text--p--variant-1 oct-add-to-basket__text" data-testid="text" id="2900594-dialog-message">Are you sure you want to remove this product?</p><a class="oct-link oct-link--theme-text oct-color--boots-blue oct-add-to-basket__close-btn" tabindex="0" title="Close overlay" role="button" aria-label="Close overlay">x</a><div class="row"><button data-testid="button" class="oct-button oct-button--default oct-button--default-default oct-button--default-default-responsive oct-add-to-basket__button-secondary oct-add-to-basket__button button" role="button"><div class="oct-button__content">Yes</div></button><button data-testid="button" class="oct-button oct-button--default oct-button--default-default oct-button--default-default-responsive oct-add-to-basket__button-tertiary oct-add-to-basket__button button" role="button"><div class="oct-button__content">No</div></button></div></div></div></div></div></div></div><div id="entitledItem_2900594" style="display: none;">[ { "catentry_id" : 2900595, "Attributes" : { }, "ItemImage" :
          "/wcsstore/eBootsStorefrontAssetStore/images/NoImageIcon.jpg",
          "ItemImage467" :
          "/wcsstore/eBootsStorefrontAssetStore/images/NoImageIcon.jpg",
          "ItemThumbnailImage" :
          "/wcsstore/eBootsStorefrontAssetStore/images/NoImageIcon_sm.jpg" } ]</div></div></div></div></div></div><div data-testid="cell" class="oct-grid__cell oct-grid__cell--width-3 oct-grid__cell--small-6 oct-grid__cell--medium-small-4 oct-grid__cell--medium-4 oct-grid__cell--medium-large-4 oct-listers-hits__item hit oct-listers__item--with-inGrid" data-insights-position="22" data-insights-query-id="9e35482c34e960965eebfb9265ec00be" data-insights-object-id="3075095" data-productid="10358622.P"><div class="oct-teaser-wrapper oct-teaser-with-basket oct-teaser-with-basket--productTile oct-teaser-with-lister-basket oct-teaser--listers oct-teaser--listers-default"><div class="oct-teaser oct-teaser--theme-productTile oct-teaser--border" style="text-align: left;"><div class="oct-teaser__promotion-offer-roundel-wrapper"><div class="oct-teaser__promotion-offer-roundel-item oct-teaser__promotion-offer-roundel-item--offer" aria-label="Item on offer" role="img">Offer</div></div><div class="oct-add-to-favorites" tabindex="0" role="checkbox" aria-checked="false" aria-label="Add item to favourites"><span class="oct-add-to-favorites__icon"></span></div><div class="oct-teaser__contents oct-teaser__contents--only-foreground-image"><div class="oct-teaser__contents-panel oct-teaser__contents-panel"><div class="oct-teaser__contents-panel--main-content"><div><img src="data:image/svg+xml;base64,PHN2ZyB4bWxucz0iaHR0cDovL3d3dy53My5vcmcvMjAwMC9zdmciIHdpZHRoPSIzMjUiIGhlaWdodD0iMzI1Ij48cmVjdCB3aWR0aD0iMTAwJSIgaGVpZ2h0PSIxMDAlIiBzdHlsZT0iZmlsbDojZjJmMmYyIi8+PC9zdmc+" alt="test" class="oct-image oct-teaser__contents-panel__logo oct-teaser__contents-panel__logo--small oct-image--lazy" data-testid="lazy-image" decoding="async" loading="lazy"></div><a href="https://www.boots.com/lancome-renergie-discovery-set-10358622" class="oct-link oct-link--theme-text oct-color--boots-blue oct-teaser__title-link" aria-label="" title="Lancôme Rénergie Discovery Set"><h3 class="oct-text oct-text--standard oct-text--size_m oct-aem-text oct-aem-text--h3--variant-1 oct-teaser__subtitle" data-testid="text">none</h3><div><h3 class="oct-text oct-text--standard oct-text--size_m oct-aem-text oct-aem-text--h3--variant-2 oct-teaser__title oct-teaser-with-listers" data-testid="text">Lancôme Rénergie Discovery Set</h3></div></a><div class="oct-reviews__reviews-container" aria-label=""><div class="oct-reviews"><div class="oct-reviews__icons" data-testid="reviews__icons"><span><svg xmlns="http://www.w3.org/2000/svg" width="10" height="20" viewBox="0 0 10 20" class="oct-icon" aria-hidden="true" aria-label="" style="height: 14px; width: auto; fill: rgb(255, 204, 0);"><g clip-path="url(#3b8wbmf19a)" transform="translate(-202 -2221)"><g clip-path="url(#n79ah32ilb)" transform="translate(202 2221)"><g clip-path="url(#h1bi9j7dcc)" transform="translate(1.25 2.5)"><path stroke="#767676" stroke-miterlimit="5" d="m8.75 12.188-5.143 2.51.982-5.318L.43 5.614l5.75-.776L8.75 0l2.572 4.838 5.75.776L12.91 9.38l.982 5.318-5.143-2.51z"></path></g></g></g></svg><svg xmlns="http://www.w3.org/2000/svg" width="10" height="20" viewBox="0 0 10 20" class="oct-icon" aria-hidden="true" aria-label="" style="height: 14px; width: auto; fill: rgb(255, 204, 0);"><g clip-path="url(#7gjj25igta)" transform="translate(-232 -2221)"><g clip-path="url(#dvqif6313b)" transform="translate(232 2221)"><g clip-path="url(#6r7ozri4zc)" transform="translate(-8.75 2.5)"><path stroke="#767676" stroke-miterlimit="5" d="m8.75 12.188-5.143 2.51.982-5.318L.43 5.614l5.75-.776L8.75 0l2.572 4.838 5.75.776L12.91 9.38l.982 5.318-5.143-2.51z"></path></g></g></g></svg></span><span><svg xmlns="http://www.w3.org/2000/svg" width="10" height="20" viewBox="0 0 10 20" class="oct-icon" aria-hidden="true" aria-label="" style="height: 14px; width: auto; fill: rgb(255, 204, 0);"><g clip-path="url(#3b8wbmf19a)" transform="translate(-202 -2221)"><g clip-path="url(#n79ah32ilb)" transform="translate(202 2221)"><g clip-path="url(#h1bi9j7dcc)" transform="translate(1.25 2.5)"><path stroke="#767676" stroke-miterlimit="5" d="m8.75 12.188-5.143 2.51.982-5.318L.43 5.614l5.75-.776L8.75 0l2.572 4.838 5.75.776L12.91 9.38l.982 5.318-5.143-2.51z"></path></g></g></g></svg><svg xmlns="http://www.w3.org/2000/svg" width="10" height="20" viewBox="0 0 10 20" class="oct-icon" aria-hidden="true" aria-label="" style="height: 14px; width: auto; fill: rgb(255, 204, 0);"><g clip-path="url(#7gjj25igta)" transform="translate(-232 -2221)"><g clip-path="url(#dvqif6313b)" transform="translate(232 2221)"><g clip-path="url(#6r7ozri4zc)" transform="translate(-8.75 2.5)"><path stroke="#767676" stroke-miterlimit="5" d="m8.75 12.188-5.143 2.51.982-5.318L.43 5.614l5.75-.776L8.75 0l2.572 4.838 5.75.776L12.91 9.38l.982 5.318-5.143-2.51z"></path></g></g></g></svg></span><span><svg xmlns="http://www.w3.org/2000/svg" width="10" height="20" viewBox="0 0 10 20" class="oct-icon" aria-hidden="true" aria-label="" style="height: 14px; width: auto; fill: rgb(255, 204, 0);"><g clip-path="url(#3b8wbmf19a)" transform="translate(-202 -2221)"><g clip-path="url(#n79ah32ilb)" transform="translate(202 2221)"><g clip-path="url(#h1bi9j7dcc)" transform="translate(1.25 2.5)"><path stroke="#767676" stroke-miterlimit="5" d="m8.75 12.188-5.143 2.51.982-5.318L.43 5.614l5.75-.776L8.75 0l2.572 4.838 5.75.776L12.91 9.38l.982 5.318-5.143-2.51z"></path></g></g></g></svg><svg xmlns="http://www.w3.org/2000/svg" width="10" height="20" viewBox="0 0 10 20" class="oct-icon" aria-hidden="true" aria-label="" style="height: 14px; width: auto; fill: rgb(255, 204, 0);"><g clip-path="url(#7gjj25igta)" transform="translate(-232 -2221)"><g clip-path="url(#dvqif6313b)" transform="translate(232 2221)"><g clip-path="url(#6r7ozri4zc)" transform="translate(-8.75 2.5)"><path stroke="#767676" stroke-miterlimit="5" d="m8.75 12.188-5.143 2.51.982-5.318L.43 5.614l5.75-.776L8.75 0l2.572 4.838 5.75.776L12.91 9.38l.982 5.318-5.143-2.51z"></path></g></g></g></svg></span><span><svg xmlns="http://www.w3.org/2000/svg" width="10" height="20" viewBox="0 0 10 20" class="oct-icon" aria-hidden="true" aria-label="" style="height: 14px; width: auto; fill: rgb(255, 204, 0);"><g clip-path="url(#3b8wbmf19a)" transform="translate(-202 -2221)"><g clip-path="url(#n79ah32ilb)" transform="translate(202 2221)"><g clip-path="url(#h1bi9j7dcc)" transform="translate(1.25 2.5)"><path stroke="#767676" stroke-miterlimit="5" d="m8.75 12.188-5.143 2.51.982-5.318L.43 5.614l5.75-.776L8.75 0l2.572 4.838 5.75.776L12.91 9.38l.982 5.318-5.143-2.51z"></path></g></g></g></svg><svg xmlns="http://www.w3.org/2000/svg" width="10" height="20" viewBox="0 0 10 20" class="oct-icon" aria-hidden="true" aria-label="" style="height: 14px; width: auto; fill: rgb(255, 204, 0);"><g clip-path="url(#7gjj25igta)" transform="translate(-232 -2221)"><g clip-path="url(#dvqif6313b)" transform="translate(232 2221)"><g clip-path="url(#6r7ozri4zc)" transform="translate(-8.75 2.5)"><path stroke="#767676" stroke-miterlimit="5" d="m8.75 12.188-5.143 2.51.982-5.318L.43 5.614l5.75-.776L8.75 0l2.572 4.838 5.75.776L12.91 9.38l.982 5.318-5.143-2.51z"></path></g></g></g></svg></span><span><svg xmlns="http://www.w3.org/2000/svg" width="10" height="20" viewBox="0 0 10 20" class="oct-icon" aria-hidden="true" aria-label="" style="height: 14px; width: auto; fill: rgb(255, 204, 0);"><g clip-path="url(#3b8wbmf19a)" transform="translate(-202 -2221)"><g clip-path="url(#n79ah32ilb)" transform="translate(202 2221)"><g clip-path="url(#h1bi9j7dcc)" transform="translate(1.25 2.5)"><path stroke="#767676" stroke-miterlimit="5" d="m8.75 12.188-5.143 2.51.982-5.318L.43 5.614l5.75-.776L8.75 0l2.572 4.838 5.75.776L12.91 9.38l.982 5.318-5.143-2.51z"></path></g></g></g></svg><svg xmlns="http://www.w3.org/2000/svg" width="10" height="20" viewBox="0 0 10 20" class="oct-icon" aria-hidden="true" aria-label="" style="height: 14px; width: auto; fill: rgb(255, 204, 0);"><g clip-path="url(#7gjj25igta)" transform="translate(-232 -2221)"><g clip-path="url(#dvqif6313b)" transform="translate(232 2221)"><g clip-path="url(#6r7ozri4zc)" transform="translate(-8.75 2.5)"><path stroke="#767676" stroke-miterlimit="5" d="m8.75 12.188-5.143 2.51.982-5.318L.43 5.614l5.75-.776L8.75 0l2.572 4.838 5.75.776L12.91 9.38l.982 5.318-5.143-2.51z"></path></g></g></g></svg></span></div><div class="oct-reviews__optionalText"><a href="https://www.boots.com/lancome-renergie-discovery-set-10358622#BVRRContainer" class="oct-link oct-link--theme-text oct-color--boots-blue oct-reviews__count" aria-label="5 stars out of 5. 2 reviews"><span class="oct-reviews__optionalTextCount">(2)</span></a></div></div></div><div class="oct-teaser__offer__container" aria-label=""><div class="oct-teaser__wrap"><button data-testid="button" class="oct-button oct-button--ellipses oct-button--cta oct-button--cta-default oct-button--cta-default-responsive oct-teaser__offer oct-teaser__offer--isAvailable oct-button--cta-custom" aria-label="Free gift when you buy 2 selected Lancome products, 1 to be skincare - whilst stocks last"><div class="oct-button__content">Free gift when you buy 2 selected Lancome products, 1 to be skincare - whilst stocks last</div></button></div></div><div class="oct-teaser__price-wrapper oct-teaser__price-wrapper--saving oct-teaser__price-wrapper--current"><div class="oct-teaser__price-col1-wrapper"><p class="oct-text oct-text--standard oct-text--size_m oct-aem-text oct-aem-text--p--variant-subtext oct-teaser__productPrice" data-testid="text">£33.75</p><div class="oct-teaser__product-price-wrapper"><p class="oct-text oct-text--standard oct-text--size_m oct-aem-text oct-aem-text--p--variant-subtext oct-teaser__productPriceSave" data-testid="text">Save £11.25</p></div><p class="oct-text oct-text--standard oct-text--size_m oct-aem-text oct-aem-text--p--variant-subtext oct-teaser__productPriceWas" data-testid="text">Was £45.00</p></div></div><div class="oct-teaser__price-detail-wrapper"><p class="oct-text oct-text--standard oct-text--size_m oct-aem-text oct-aem-text--p--variant-subtext oct-teaser__productPriceDetail" data-testid="text"></p></div></div><div class="oct-teaser__calls-to-action oct-teaser__calls-to-action--two oct-teaser__calls-to-action--left"></div></div></div><div class="oct-teaser__foreground"><a href="https://www.boots.com/lancome-renergie-discovery-set-10358622" class="oct-link oct-link--theme-text oct-color--boots-blue oct-teaser-wrapper-link" tabindex="-1" aria-hidden="true" data-promo-creative="25% teaser" data-promo-position=""><div class="oct-image-link-wrapper"><img src="https://boots.scene7.com/is/image/Boots/10358622?op_sharpen=1" alt="Foreground image" class="oct-image oct-image--lazy" data-testid="lazy-image" decoding="async" loading="lazy"></div></a></div><div class="oct-teaser__calls-to-action oct-add-to-basket-callToAction oct-add-to-basket-callToAction--with-lister-basket"><div class="oct-add-to-basket"><div class="oct-input__iconContainer"><div></div><input type="hidden" class="oct-input" id="cmProductName_3075094" autocomplete="off" value="Lancôme Rénergie Discovery Set (10358622.P)" style=""></div><div class="oct-input__iconContainer"><div></div><input type="hidden" class="oct-input" id="catalogEntry_ID" name="catalogEntry_ID" autocomplete="off" value="3075094" style=""></div><div class="oct-input__iconContainer"><div></div><input type="hidden" class="oct-input" id="dlProductId_3075094" name="dlProductId_3075094" autocomplete="off" value="10358622.P" style=""></div><div class="oct-input__iconContainer"><div></div><input type="hidden" class="oct-input" id="dlProductName_3075094" name="dlProductName_3075094" autocomplete="off" value="Lancôme Rénergie Discovery Set" style=""></div><div class="oct-input__iconContainer"><div></div><input type="hidden" class="oct-input" id="dlParentCatentryID_10358622.P" name="dlParentCatentryID_10358622.P" autocomplete="off" value="3075094" style=""></div><div class="oct-input__iconContainer"><div></div><input type="hidden" class="oct-input" id="dlPackagePartNumber_3075094" name="dlPackagePartNumber_3075094" autocomplete="off" value="" style=""></div><div class="oct-add-to-basket__product_info-container"><div class="oct-add-to-basket__product_add noQuickBuy"><div class="oct-add-to-basket__quickBuySLPContainer quickBuySLPContainer"></div><div class="oct-add-to-basket__shopperActions shopperActions oct-add-to-basket__plp_shopperActions_redesign plp_shopperActions_redesign" id="shopperActionsRedesign3075094"><p class="oct-text oct-text--standard oct-text--size_m oct-aem-text oct-aem-text--p--variant-1 oct-add-to-basket__qty-errorMax qty_errorMax" data-testid="text" id="quantity_msg_3075094">Maximum quantity reached</p><div class="oct-add-to-basket__quantity-section quantity_section quantity_section_redesign" id="quantity_section_3075094"><button data-testid="button" class="oct-button oct-button--ellipses oct-button--cta oct-button--cta-default oct-button--cta-default-primaryTransparent oct-button--cta-default-responsive oct-aem-cta oct-add-to-basket__minus-quantity plus_quantity_disabled minus_quantity_redesign plus_quantity_disabled_redesign control-buttons oct-button--cta-midnight-blue-primary" to="" id="desreseQty_3075094" aria-label="Decrease Quantity Lancôme Rénergie Discovery Set" aria-hidden="false" data-icon="–"><div class="oct-button__content"></div></button><div class="oct-input__iconContainer"><div></div><input type="text" class="oct-input oct-add-to-basket__quantity-input quantity_input quantity_input_redesign" aria-label="quantity" name="quantity_$3075094" id="quantity_3075094" readonly="" maxlength="2" tabindex="-1" value="1" style=""></div><button data-testid="button" class="oct-button oct-button--ellipses oct-button--cta oct-button--cta-default oct-button--cta-default-primaryTransparent oct-button--cta-default-responsive oct-aem-cta oct-add-to-basket__plus-quantity plus_quantity plus_quantity_redesign control-buttons oct-button--cta-midnight-blue-primary" to="" id="increseQty_3075094" aria-label="Increase Quantity Lancôme Rénergie Discovery Set" aria-hidden="false" data-icon="+"><div class="oct-button__content"></div></button><div class="oct-add-to-basket__quantity-label quantity_label">in your basket</div></div><div class="oct-input__iconContainer"><div></div><input type="hidden" class="oct-input" name="freeGiftId_3075094" id="freeGiftId_3075094" value="" style=""></div><button data-testid="button" class="oct-button oct-button--ellipses oct-button--cta oct-button--cta-default oct-button--cta-default-primaryTransparent oct-button--cta-default-responsive oct-aem-cta oct-add-to-basket_button oct-button--cta-midnight-blue-primary" to="" id="add2CartBtn_3075094" eeindex="2" data-shop5="" aria-label="Add Lancôme Rénergie Discovery Set to basket"><div class="oct-button__content"><span class="oct-add-to-basket_button_text button_text button_text_redesign">Add to basket</span></div></button><div class="oct-input__iconContainer"><div></div><input type="hidden" class="oct-input" id="lister_orderItemId_3075094" name="lister_orderItemId" value="" style=""></div><div class="oct-input__iconContainer"><div></div><input type="hidden" class="oct-input" id="lister_orderItemQty_3075094" name="lister_orderItemId" value="0" style=""></div><div class="oct-add-to-basket--overlay" data-testid="oct-add-to-basket"><div class="oct-add-to-basket__overlay-popup oct-overlay-popup" id="basket_confirmation_popup_overlay"></div><div id="basket_confirmation_overlay_3075094" class="oct-add-to-basket__overlay-popup__dialog" style="display: none;"><div class="oct-add-to-basket__overlay-focus" role="dialog" aria-labelledby="3075094-dialog-message"><p class="oct-text oct-text--standard oct-text--size_m oct-aem-text oct-aem-text--p--variant-1 oct-add-to-basket__text" data-testid="text" id="3075094-dialog-message">Are you sure you want to remove this product?</p><a class="oct-link oct-link--theme-text oct-color--boots-blue oct-add-to-basket__close-btn" tabindex="0" title="Close overlay" role="button" aria-label="Close overlay">x</a><div class="row"><button data-testid="button" class="oct-button oct-button--default oct-button--default-default oct-button--default-default-responsive oct-add-to-basket__button-secondary oct-add-to-basket__button button" role="button"><div class="oct-button__content">Yes</div></button><button data-testid="button" class="oct-button oct-button--default oct-button--default-default oct-button--default-default-responsive oct-add-to-basket__button-tertiary oct-add-to-basket__button button" role="button"><div class="oct-button__content">No</div></button></div></div></div></div></div></div></div><div id="entitledItem_3075094" style="display: none;">[ { "catentry_id" : 3075095, "Attributes" : { }, "ItemImage" :
          "/wcsstore/eBootsStorefrontAssetStore/images/NoImageIcon.jpg",
          "ItemImage467" :
          "/wcsstore/eBootsStorefrontAssetStore/images/NoImageIcon.jpg",
          "ItemThumbnailImage" :
          "/wcsstore/eBootsStorefrontAssetStore/images/NoImageIcon_sm.jpg" } ]</div></div></div></div></div></div><div data-testid="cell" class="oct-grid__cell oct-grid__cell--width-3 oct-grid__cell--small-6 oct-grid__cell--medium-small-4 oct-grid__cell--medium-4 oct-grid__cell--medium-large-4 oct-listers-hits__item hit oct-listers__item--with-inGrid" data-insights-position="23" data-insights-query-id="9e35482c34e960965eebfb9265ec00be" data-insights-object-id="2745588" data-productid="10320285.P"><div class="oct-teaser-wrapper oct-teaser-with-basket oct-teaser-with-basket--productTile oct-teaser-with-lister-basket oct-teaser--listers oct-teaser--listers-default"><div class="oct-teaser oct-teaser--theme-productTile oct-teaser--border" style="text-align: left;"><div class="oct-teaser__promotion-offer-roundel-wrapper"><div class="oct-teaser__promotion-offer-roundel-item oct-teaser__promotion-offer-roundel-item--offer" aria-label="Item on offer" role="img">Offer</div></div><div class="oct-add-to-favorites" tabindex="0" role="checkbox" aria-checked="false" aria-label="Add item to favourites"><span class="oct-add-to-favorites__icon"></span></div><div class="oct-teaser__contents oct-teaser__contents--only-foreground-image"><div class="oct-teaser__contents-panel oct-teaser__contents-panel"><div class="oct-teaser__contents-panel--main-content"><div><img src="data:image/svg+xml;base64,PHN2ZyB4bWxucz0iaHR0cDovL3d3dy53My5vcmcvMjAwMC9zdmciIHdpZHRoPSIzMjUiIGhlaWdodD0iMzI1Ij48cmVjdCB3aWR0aD0iMTAwJSIgaGVpZ2h0PSIxMDAlIiBzdHlsZT0iZmlsbDojZjJmMmYyIi8+PC9zdmc+" alt="test" class="oct-image oct-teaser__contents-panel__logo oct-teaser__contents-panel__logo--small oct-image--lazy" data-testid="lazy-image" decoding="async" loading="lazy"></div><a href="https://www.boots.com/clinique-skin-school-supplies-smooth-renew-lab-gift-set-10320285" class="oct-link oct-link--theme-text oct-color--boots-blue oct-teaser__title-link" aria-label="" title="Clinique Skin School Supplies: Smooth + Renew Lab Gift Set"><h3 class="oct-text oct-text--standard oct-text--size_m oct-aem-text oct-aem-text--h3--variant-1 oct-teaser__subtitle" data-testid="text">none</h3><div><h3 class="oct-text oct-text--standard oct-text--size_m oct-aem-text oct-aem-text--h3--variant-2 oct-teaser__title oct-teaser-with-listers" data-testid="text">Clinique Skin School Supplies: Smooth + Renew Lab Gift Set</h3></div></a><div class="oct-reviews__reviews-container" aria-label=""><div class="oct-reviews"><div class="oct-reviews__icons" data-testid="reviews__icons"><span><svg xmlns="http://www.w3.org/2000/svg" width="10" height="20" viewBox="0 0 10 20" class="oct-icon" aria-hidden="true" aria-label="" style="height: 14px; width: auto; fill: rgb(255, 204, 0);"><g clip-path="url(#3b8wbmf19a)" transform="translate(-202 -2221)"><g clip-path="url(#n79ah32ilb)" transform="translate(202 2221)"><g clip-path="url(#h1bi9j7dcc)" transform="translate(1.25 2.5)"><path stroke="#767676" stroke-miterlimit="5" d="m8.75 12.188-5.143 2.51.982-5.318L.43 5.614l5.75-.776L8.75 0l2.572 4.838 5.75.776L12.91 9.38l.982 5.318-5.143-2.51z"></path></g></g></g></svg><svg xmlns="http://www.w3.org/2000/svg" width="10" height="20" viewBox="0 0 10 20" class="oct-icon" aria-hidden="true" aria-label="" style="height: 14px; width: auto; fill: rgb(255, 204, 0);"><g clip-path="url(#7gjj25igta)" transform="translate(-232 -2221)"><g clip-path="url(#dvqif6313b)" transform="translate(232 2221)"><g clip-path="url(#6r7ozri4zc)" transform="translate(-8.75 2.5)"><path stroke="#767676" stroke-miterlimit="5" d="m8.75 12.188-5.143 2.51.982-5.318L.43 5.614l5.75-.776L8.75 0l2.572 4.838 5.75.776L12.91 9.38l.982 5.318-5.143-2.51z"></path></g></g></g></svg></span><span><svg xmlns="http://www.w3.org/2000/svg" width="10" height="20" viewBox="0 0 10 20" class="oct-icon" aria-hidden="true" aria-label="" style="height: 14px; width: auto; fill: rgb(255, 204, 0);"><g clip-path="url(#3b8wbmf19a)" transform="translate(-202 -2221)"><g clip-path="url(#n79ah32ilb)" transform="translate(202 2221)"><g clip-path="url(#h1bi9j7dcc)" transform="translate(1.25 2.5)"><path stroke="#767676" stroke-miterlimit="5" d="m8.75 12.188-5.143 2.51.982-5.318L.43 5.614l5.75-.776L8.75 0l2.572 4.838 5.75.776L12.91 9.38l.982 5.318-5.143-2.51z"></path></g></g></g></svg><svg xmlns="http://www.w3.org/2000/svg" width="10" height="20" viewBox="0 0 10 20" class="oct-icon" aria-hidden="true" aria-label="" style="height: 14px; width: auto; fill: rgb(255, 204, 0);"><g clip-path="url(#7gjj25igta)" transform="translate(-232 -2221)"><g clip-path="url(#dvqif6313b)" transform="translate(232 2221)"><g clip-path="url(#6r7ozri4zc)" transform="translate(-8.75 2.5)"><path stroke="#767676" stroke-miterlimit="5" d="m8.75 12.188-5.143 2.51.982-5.318L.43 5.614l5.75-.776L8.75 0l2.572 4.838 5.75.776L12.91 9.38l.982 5.318-5.143-2.51z"></path></g></g></g></svg></span><span><svg xmlns="http://www.w3.org/2000/svg" width="10" height="20" viewBox="0 0 10 20" class="oct-icon" aria-hidden="true" aria-label="" style="height: 14px; width: auto; fill: rgb(255, 204, 0);"><g clip-path="url(#3b8wbmf19a)" transform="translate(-202 -2221)"><g clip-path="url(#n79ah32ilb)" transform="translate(202 2221)"><g clip-path="url(#h1bi9j7dcc)" transform="translate(1.25 2.5)"><path stroke="#767676" stroke-miterlimit="5" d="m8.75 12.188-5.143 2.51.982-5.318L.43 5.614l5.75-.776L8.75 0l2.572 4.838 5.75.776L12.91 9.38l.982 5.318-5.143-2.51z"></path></g></g></g></svg><svg xmlns="http://www.w3.org/2000/svg" width="10" height="20" viewBox="0 0 10 20" class="oct-icon" aria-hidden="true" aria-label="" style="height: 14px; width: auto; fill: rgb(255, 204, 0);"><g clip-path="url(#7gjj25igta)" transform="translate(-232 -2221)"><g clip-path="url(#dvqif6313b)" transform="translate(232 2221)"><g clip-path="url(#6r7ozri4zc)" transform="translate(-8.75 2.5)"><path stroke="#767676" stroke-miterlimit="5" d="m8.75 12.188-5.143 2.51.982-5.318L.43 5.614l5.75-.776L8.75 0l2.572 4.838 5.75.776L12.91 9.38l.982 5.318-5.143-2.51z"></path></g></g></g></svg></span><span><svg xmlns="http://www.w3.org/2000/svg" width="10" height="20" viewBox="0 0 10 20" class="oct-icon" aria-hidden="true" aria-label="" style="height: 14px; width: auto; fill: rgb(255, 204, 0);"><g clip-path="url(#3b8wbmf19a)" transform="translate(-202 -2221)"><g clip-path="url(#n79ah32ilb)" transform="translate(202 2221)"><g clip-path="url(#h1bi9j7dcc)" transform="translate(1.25 2.5)"><path stroke="#767676" stroke-miterlimit="5" d="m8.75 12.188-5.143 2.51.982-5.318L.43 5.614l5.75-.776L8.75 0l2.572 4.838 5.75.776L12.91 9.38l.982 5.318-5.143-2.51z"></path></g></g></g></svg><svg xmlns="http://www.w3.org/2000/svg" width="10" height="20" viewBox="0 0 10 20" class="oct-icon" aria-hidden="true" aria-label="" style="height: 14px; width: auto; fill: rgb(255, 204, 0);"><g clip-path="url(#7gjj25igta)" transform="translate(-232 -2221)"><g clip-path="url(#dvqif6313b)" transform="translate(232 2221)"><g clip-path="url(#6r7ozri4zc)" transform="translate(-8.75 2.5)"><path stroke="#767676" stroke-miterlimit="5" d="m8.75 12.188-5.143 2.51.982-5.318L.43 5.614l5.75-.776L8.75 0l2.572 4.838 5.75.776L12.91 9.38l.982 5.318-5.143-2.51z"></path></g></g></g></svg></span><span><svg xmlns="http://www.w3.org/2000/svg" width="10" height="20" viewBox="0 0 10 20" class="oct-icon" aria-hidden="true" aria-label="" style="height: 14px; width: auto; fill: rgb(255, 204, 0);"><g clip-path="url(#3b8wbmf19a)" transform="translate(-202 -2221)"><g clip-path="url(#n79ah32ilb)" transform="translate(202 2221)"><g clip-path="url(#h1bi9j7dcc)" transform="translate(1.25 2.5)"><path stroke="#767676" stroke-miterlimit="5" d="m8.75 12.188-5.143 2.51.982-5.318L.43 5.614l5.75-.776L8.75 0l2.572 4.838 5.75.776L12.91 9.38l.982 5.318-5.143-2.51z"></path></g></g></g></svg><svg xmlns="http://www.w3.org/2000/svg" width="10" height="20" viewBox="0 0 10 20" class="oct-icon" aria-hidden="true" aria-label="" style="height: 14px; width: auto; fill: rgb(255, 204, 0);"><g clip-path="url(#7gjj25igta)" transform="translate(-232 -2221)"><g clip-path="url(#dvqif6313b)" transform="translate(232 2221)"><g clip-path="url(#6r7ozri4zc)" transform="translate(-8.75 2.5)"><path stroke="#767676" stroke-miterlimit="5" d="m8.75 12.188-5.143 2.51.982-5.318L.43 5.614l5.75-.776L8.75 0l2.572 4.838 5.75.776L12.91 9.38l.982 5.318-5.143-2.51z"></path></g></g></g></svg></span></div><div class="oct-reviews__optionalText"><a href="https://www.boots.com/clinique-skin-school-supplies-smooth-renew-lab-gift-set-10320285#BVRRContainer" class="oct-link oct-link--theme-text oct-color--boots-blue oct-reviews__count" aria-label="5 stars out of 5. 2 reviews"><span class="oct-reviews__optionalTextCount">(2)</span></a></div></div></div><div class="oct-teaser__offer__container" aria-label=""><div class="oct-teaser__wrap"><button data-testid="button" class="oct-button oct-button--ellipses oct-button--cta oct-button--cta-default oct-button--cta-default-responsive oct-teaser__offer oct-teaser__offer--isAvailable oct-button--cta-custom" aria-label="Free Gift when you spend £55 on selected Clinique - online only, whilst stocks last"><div class="oct-button__content">Free Gift when you spend £55 on selected Clinique - online only, whilst stocks last</div></button></div></div><div class="oct-teaser__price-wrapper oct-teaser__price-wrapper--saving oct-teaser__price-wrapper--current"><div class="oct-teaser__price-col1-wrapper"><p class="oct-text oct-text--standard oct-text--size_m oct-aem-text oct-aem-text--p--variant-subtext oct-teaser__productPrice" data-testid="text">£33.60</p><div class="oct-teaser__product-price-wrapper"><p class="oct-text oct-text--standard oct-text--size_m oct-aem-text oct-aem-text--p--variant-subtext oct-teaser__productPriceSave" data-testid="text">Save £8.40</p></div><p class="oct-text oct-text--standard oct-text--size_m oct-aem-text oct-aem-text--p--variant-subtext oct-teaser__productPriceWas" data-testid="text">Was £42.00</p></div></div><div class="oct-teaser__price-detail-wrapper"><p class="oct-text oct-text--standard oct-text--size_m oct-aem-text oct-aem-text--p--variant-subtext oct-teaser__productPriceDetail" data-testid="text"></p></div></div><div class="oct-teaser__calls-to-action oct-teaser__calls-to-action--two oct-teaser__calls-to-action--left"></div></div></div><div class="oct-teaser__foreground"><a href="https://www.boots.com/clinique-skin-school-supplies-smooth-renew-lab-gift-set-10320285" class="oct-link oct-link--theme-text oct-color--boots-blue oct-teaser-wrapper-link" tabindex="-1" aria-hidden="true" data-promo-creative="25% teaser" data-promo-position=""><div class="oct-image-link-wrapper"><img src="https://boots.scene7.com/is/image/Boots/10320285?op_sharpen=1" alt="Foreground image" class="oct-image oct-image--lazy" data-testid="lazy-image" decoding="async" loading="lazy"></div></a></div><div class="oct-teaser__calls-to-action oct-add-to-basket-callToAction oct-add-to-basket-callToAction--with-lister-basket"><div class="oct-add-to-basket"><div class="oct-input__iconContainer"><div></div><input type="hidden" class="oct-input" id="cmProductName_2745587" autocomplete="off" value="Clinique Skin School Supplies: Smooth + Renew Lab Gift Set (10320285.P)" style=""></div><div class="oct-input__iconContainer"><div></div><input type="hidden" class="oct-input" id="catalogEntry_ID" name="catalogEntry_ID" autocomplete="off" value="2745587" style=""></div><div class="oct-input__iconContainer"><div></div><input type="hidden" class="oct-input" id="dlProductId_2745587" name="dlProductId_2745587" autocomplete="off" value="10320285.P" style=""></div><div class="oct-input__iconContainer"><div></div><input type="hidden" class="oct-input" id="dlProductName_2745587" name="dlProductName_2745587" autocomplete="off" value="Clinique Skin School Supplies: Smooth + Renew Lab Gift Set" style=""></div><div class="oct-input__iconContainer"><div></div><input type="hidden" class="oct-input" id="dlParentCatentryID_10320285.P" name="dlParentCatentryID_10320285.P" autocomplete="off" value="2745587" style=""></div><div class="oct-input__iconContainer"><div></div><input type="hidden" class="oct-input" id="dlPackagePartNumber_2745587" name="dlPackagePartNumber_2745587" autocomplete="off" value="" style=""></div><div class="oct-add-to-basket__product_info-container"><div class="oct-add-to-basket__product_add noQuickBuy"><div class="oct-add-to-basket__quickBuySLPContainer quickBuySLPContainer"></div><div class="oct-add-to-basket__shopperActions shopperActions oct-add-to-basket__plp_shopperActions_redesign plp_shopperActions_redesign" id="shopperActionsRedesign2745587"><p class="oct-text oct-text--standard oct-text--size_m oct-aem-text oct-aem-text--p--variant-1 oct-add-to-basket__qty-errorMax qty_errorMax" data-testid="text" id="quantity_msg_2745587">Maximum quantity reached</p><div class="oct-add-to-basket__quantity-section quantity_section quantity_section_redesign" id="quantity_section_2745587"><button data-testid="button" class="oct-button oct-button--ellipses oct-button--cta oct-button--cta-default oct-button--cta-default-primaryTransparent oct-button--cta-default-responsive oct-aem-cta oct-add-to-basket__minus-quantity plus_quantity_disabled minus_quantity_redesign plus_quantity_disabled_redesign control-buttons oct-button--cta-midnight-blue-primary" to="" id="desreseQty_2745587" aria-label="Decrease Quantity Clinique Skin School Supplies: Smooth + Renew Lab Gift Set" aria-hidden="false" data-icon="–"><div class="oct-button__content"></div></button><div class="oct-input__iconContainer"><div></div><input type="text" class="oct-input oct-add-to-basket__quantity-input quantity_input quantity_input_redesign" aria-label="quantity" name="quantity_$2745587" id="quantity_2745587" readonly="" maxlength="2" tabindex="-1" value="1" style=""></div><button data-testid="button" class="oct-button oct-button--ellipses oct-button--cta oct-button--cta-default oct-button--cta-default-primaryTransparent oct-button--cta-default-responsive oct-aem-cta oct-add-to-basket__plus-quantity plus_quantity plus_quantity_redesign control-buttons oct-button--cta-midnight-blue-primary" to="" id="increseQty_2745587" aria-label="Increase Quantity Clinique Skin School Supplies: Smooth + Renew Lab Gift Set" aria-hidden="false" data-icon="+"><div class="oct-button__content"></div></button><div class="oct-add-to-basket__quantity-label quantity_label">in your basket</div></div><div class="oct-input__iconContainer"><div></div><input type="hidden" class="oct-input" name="freeGiftId_2745587" id="freeGiftId_2745587" value="" style=""></div><button data-testid="button" class="oct-button oct-button--ellipses oct-button--cta oct-button--cta-default oct-button--cta-default-primaryTransparent oct-button--cta-default-responsive oct-aem-cta oct-add-to-basket_button oct-button--cta-midnight-blue-primary" to="" id="add2CartBtn_2745587" eeindex="2" data-shop5="" aria-label="Add Clinique Skin School Supplies: Smooth + Renew Lab Gift Set to basket"><div class="oct-button__content"><span class="oct-add-to-basket_button_text button_text button_text_redesign">Add to basket</span></div></button><div class="oct-input__iconContainer"><div></div><input type="hidden" class="oct-input" id="lister_orderItemId_2745587" name="lister_orderItemId" value="" style=""></div><div class="oct-input__iconContainer"><div></div><input type="hidden" class="oct-input" id="lister_orderItemQty_2745587" name="lister_orderItemId" value="0" style=""></div><div class="oct-add-to-basket--overlay" data-testid="oct-add-to-basket"><div class="oct-add-to-basket__overlay-popup oct-overlay-popup" id="basket_confirmation_popup_overlay"></div><div id="basket_confirmation_overlay_2745587" class="oct-add-to-basket__overlay-popup__dialog" style="display: none;"><div class="oct-add-to-basket__overlay-focus" role="dialog" aria-labelledby="2745587-dialog-message"><p class="oct-text oct-text--standard oct-text--size_m oct-aem-text oct-aem-text--p--variant-1 oct-add-to-basket__text" data-testid="text" id="2745587-dialog-message">Are you sure you want to remove this product?</p><a class="oct-link oct-link--theme-text oct-color--boots-blue oct-add-to-basket__close-btn" tabindex="0" title="Close overlay" role="button" aria-label="Close overlay">x</a><div class="row"><button data-testid="button" class="oct-button oct-button--default oct-button--default-default oct-button--default-default-responsive oct-add-to-basket__button-secondary oct-add-to-basket__button button" role="button"><div class="oct-button__content">Yes</div></button><button data-testid="button" class="oct-button oct-button--default oct-button--default-default oct-button--default-default-responsive oct-add-to-basket__button-tertiary oct-add-to-basket__button button" role="button"><div class="oct-button__content">No</div></button></div></div></div></div></div></div></div><div id="entitledItem_2745587" style="display: none;">[ { "catentry_id" : 2745588, "Attributes" : { }, "ItemImage" :
          "/wcsstore/eBootsStorefrontAssetStore/images/NoImageIcon.jpg",
          "ItemImage467" :
          "/wcsstore/eBootsStorefrontAssetStore/images/NoImageIcon.jpg",
          "ItemThumbnailImage" :
          "/wcsstore/eBootsStorefrontAssetStore/images/NoImageIcon_sm.jpg" } ]</div></div></div></div></div></div><div data-testid="cell" class="oct-grid__cell oct-grid__cell--width-3 oct-grid__cell--small-6 oct-grid__cell--medium-small-4 oct-grid__cell--medium-4 oct-grid__cell--medium-large-4 oct-listers-hits__item hit oct-listers__item--with-inGrid" data-insights-position="24" data-insights-query-id="9e35482c34e960965eebfb9265ec00be" data-insights-object-id="2560072" data-productid="10297713.P"><div class="oct-teaser-wrapper oct-teaser-with-basket oct-teaser-with-basket--productTile oct-teaser-with-lister-basket oct-teaser--listers oct-teaser--listers-default"><div class="oct-teaser oct-teaser--theme-productTile oct-teaser--border" style="text-align: left;"><div class="oct-teaser__promotion-offer-roundel-wrapper"><div class="oct-teaser__promotion-offer-roundel-item oct-teaser__promotion-offer-roundel-item--offer" aria-label="Item on offer" role="img">Offer</div></div><div class="oct-add-to-favorites" tabindex="0" role="checkbox" aria-checked="false" aria-label="Add item to favourites"><span class="oct-add-to-favorites__icon"></span></div><div class="oct-teaser__contents oct-teaser__contents--only-foreground-image"><div class="oct-teaser__contents-panel oct-teaser__contents-panel"><div class="oct-teaser__contents-panel--main-content"><div><img src="data:image/svg+xml;base64,PHN2ZyB4bWxucz0iaHR0cDovL3d3dy53My5vcmcvMjAwMC9zdmciIHdpZHRoPSIzMjUiIGhlaWdodD0iMzI1Ij48cmVjdCB3aWR0aD0iMTAwJSIgaGVpZ2h0PSIxMDAlIiBzdHlsZT0iZmlsbDojZjJmMmYyIi8+PC9zdmc+" alt="test" class="oct-image oct-teaser__contents-panel__logo oct-teaser__contents-panel__logo--small oct-image--lazy" data-testid="lazy-image" decoding="async" loading="lazy"></div><a href="https://www.boots.com/boots-tea-tree-and-witch-hazel-clarifying-plastic-free-sheet-mask-19g-10297713" class="oct-link oct-link--theme-text oct-color--boots-blue oct-teaser__title-link" aria-label="" title="Boots Tea Tree &amp; Witch Hazel Clarifying Plastic Free Sheet Mask 19g"><h3 class="oct-text oct-text--standard oct-text--size_m oct-aem-text oct-aem-text--h3--variant-1 oct-teaser__subtitle" data-testid="text">none</h3><div><h3 class="oct-text oct-text--standard oct-text--size_m oct-aem-text oct-aem-text--h3--variant-2 oct-teaser__title oct-teaser-with-listers" data-testid="text">Boots Tea Tree &amp; Witch Hazel Clarifying Plastic Free Sheet Mask 19g</h3></div></a><div class="oct-reviews__reviews-container" aria-label=""><div class="oct-reviews"><div class="oct-reviews__icons" data-testid="reviews__icons"><span><svg xmlns="http://www.w3.org/2000/svg" width="10" height="20" viewBox="0 0 10 20" class="oct-icon" aria-hidden="true" aria-label="" style="height: 14px; width: auto; fill: rgb(255, 204, 0);"><g clip-path="url(#3b8wbmf19a)" transform="translate(-202 -2221)"><g clip-path="url(#n79ah32ilb)" transform="translate(202 2221)"><g clip-path="url(#h1bi9j7dcc)" transform="translate(1.25 2.5)"><path stroke="#767676" stroke-miterlimit="5" d="m8.75 12.188-5.143 2.51.982-5.318L.43 5.614l5.75-.776L8.75 0l2.572 4.838 5.75.776L12.91 9.38l.982 5.318-5.143-2.51z"></path></g></g></g></svg><svg xmlns="http://www.w3.org/2000/svg" width="10" height="20" viewBox="0 0 10 20" class="oct-icon" aria-hidden="true" aria-label="" style="height: 14px; width: auto; fill: rgb(255, 204, 0);"><g clip-path="url(#7gjj25igta)" transform="translate(-232 -2221)"><g clip-path="url(#dvqif6313b)" transform="translate(232 2221)"><g clip-path="url(#6r7ozri4zc)" transform="translate(-8.75 2.5)"><path stroke="#767676" stroke-miterlimit="5" d="m8.75 12.188-5.143 2.51.982-5.318L.43 5.614l5.75-.776L8.75 0l2.572 4.838 5.75.776L12.91 9.38l.982 5.318-5.143-2.51z"></path></g></g></g></svg></span><span><svg xmlns="http://www.w3.org/2000/svg" width="10" height="20" viewBox="0 0 10 20" class="oct-icon" aria-hidden="true" aria-label="" style="height: 14px; width: auto; fill: rgb(255, 204, 0);"><g clip-path="url(#3b8wbmf19a)" transform="translate(-202 -2221)"><g clip-path="url(#n79ah32ilb)" transform="translate(202 2221)"><g clip-path="url(#h1bi9j7dcc)" transform="translate(1.25 2.5)"><path stroke="#767676" stroke-miterlimit="5" d="m8.75 12.188-5.143 2.51.982-5.318L.43 5.614l5.75-.776L8.75 0l2.572 4.838 5.75.776L12.91 9.38l.982 5.318-5.143-2.51z"></path></g></g></g></svg><svg xmlns="http://www.w3.org/2000/svg" width="10" height="20" viewBox="0 0 10 20" class="oct-icon" aria-hidden="true" aria-label="" style="height: 14px; width: auto; fill: rgb(255, 204, 0);"><g clip-path="url(#7gjj25igta)" transform="translate(-232 -2221)"><g clip-path="url(#dvqif6313b)" transform="translate(232 2221)"><g clip-path="url(#6r7ozri4zc)" transform="translate(-8.75 2.5)"><path stroke="#767676" stroke-miterlimit="5" d="m8.75 12.188-5.143 2.51.982-5.318L.43 5.614l5.75-.776L8.75 0l2.572 4.838 5.75.776L12.91 9.38l.982 5.318-5.143-2.51z"></path></g></g></g></svg></span><span><svg xmlns="http://www.w3.org/2000/svg" width="10" height="20" viewBox="0 0 10 20" class="oct-icon" aria-hidden="true" aria-label="" style="height: 14px; width: auto; fill: rgb(255, 204, 0);"><g clip-path="url(#3b8wbmf19a)" transform="translate(-202 -2221)"><g clip-path="url(#n79ah32ilb)" transform="translate(202 2221)"><g clip-path="url(#h1bi9j7dcc)" transform="translate(1.25 2.5)"><path stroke="#767676" stroke-miterlimit="5" d="m8.75 12.188-5.143 2.51.982-5.318L.43 5.614l5.75-.776L8.75 0l2.572 4.838 5.75.776L12.91 9.38l.982 5.318-5.143-2.51z"></path></g></g></g></svg><svg xmlns="http://www.w3.org/2000/svg" width="10" height="20" viewBox="0 0 10 20" class="oct-icon" aria-hidden="true" aria-label="" style="height: 14px; width: auto; fill: rgb(255, 204, 0);"><g clip-path="url(#7gjj25igta)" transform="translate(-232 -2221)"><g clip-path="url(#dvqif6313b)" transform="translate(232 2221)"><g clip-path="url(#6r7ozri4zc)" transform="translate(-8.75 2.5)"><path stroke="#767676" stroke-miterlimit="5" d="m8.75 12.188-5.143 2.51.982-5.318L.43 5.614l5.75-.776L8.75 0l2.572 4.838 5.75.776L12.91 9.38l.982 5.318-5.143-2.51z"></path></g></g></g></svg></span><span><svg xmlns="http://www.w3.org/2000/svg" width="10" height="20" viewBox="0 0 10 20" class="oct-icon" aria-hidden="true" aria-label="" style="height: 14px; width: auto; fill: rgb(255, 204, 0);"><g clip-path="url(#3b8wbmf19a)" transform="translate(-202 -2221)"><g clip-path="url(#n79ah32ilb)" transform="translate(202 2221)"><g clip-path="url(#h1bi9j7dcc)" transform="translate(1.25 2.5)"><path stroke="#767676" stroke-miterlimit="5" d="m8.75 12.188-5.143 2.51.982-5.318L.43 5.614l5.75-.776L8.75 0l2.572 4.838 5.75.776L12.91 9.38l.982 5.318-5.143-2.51z"></path></g></g></g></svg><svg xmlns="http://www.w3.org/2000/svg" width="10" height="20" viewBox="0 0 10 20" class="oct-icon" aria-hidden="true" aria-label="" style="height: 14px; width: auto; fill: rgb(255, 204, 0);"><g clip-path="url(#7gjj25igta)" transform="translate(-232 -2221)"><g clip-path="url(#dvqif6313b)" transform="translate(232 2221)"><g clip-path="url(#6r7ozri4zc)" transform="translate(-8.75 2.5)"><path stroke="#767676" stroke-miterlimit="5" d="m8.75 12.188-5.143 2.51.982-5.318L.43 5.614l5.75-.776L8.75 0l2.572 4.838 5.75.776L12.91 9.38l.982 5.318-5.143-2.51z"></path></g></g></g></svg></span><span><svg xmlns="http://www.w3.org/2000/svg" width="10" height="20" viewBox="0 0 10 20" class="oct-icon" aria-hidden="true" aria-label="" style="height: 14px; width: auto; fill: rgb(255, 204, 0);"><g clip-path="url(#3b8wbmf19a)" transform="translate(-202 -2221)"><g clip-path="url(#n79ah32ilb)" transform="translate(202 2221)"><g clip-path="url(#h1bi9j7dcc)" transform="translate(1.25 2.5)"><path stroke="#767676" stroke-miterlimit="5" d="m8.75 12.188-5.143 2.51.982-5.318L.43 5.614l5.75-.776L8.75 0l2.572 4.838 5.75.776L12.91 9.38l.982 5.318-5.143-2.51z"></path></g></g></g></svg><svg xmlns="http://www.w3.org/2000/svg" width="10" height="20" viewBox="0 0 10 20" class="oct-icon" aria-hidden="true" aria-label="" style="height: 14px; width: auto; fill: rgb(255, 204, 0);"><g clip-path="url(#7gjj25igta)" transform="translate(-232 -2221)"><g clip-path="url(#dvqif6313b)" transform="translate(232 2221)"><g clip-path="url(#6r7ozri4zc)" transform="translate(-8.75 2.5)"><path stroke="#767676" stroke-miterlimit="5" d="m8.75 12.188-5.143 2.51.982-5.318L.43 5.614l5.75-.776L8.75 0l2.572 4.838 5.75.776L12.91 9.38l.982 5.318-5.143-2.51z"></path></g></g></g></svg></span></div><div class="oct-reviews__optionalText"><a href="https://www.boots.com/boots-tea-tree-and-witch-hazel-clarifying-plastic-free-sheet-mask-19g-10297713#BVRRContainer" class="oct-link oct-link--theme-text oct-color--boots-blue oct-reviews__count" aria-label="5 stars out of 5. 3 reviews"><span class="oct-reviews__optionalTextCount">(3)</span></a></div></div></div><div class="oct-teaser__offer__container" aria-label=""><div class="oct-teaser__wrap"><button data-testid="button" class="oct-button oct-button--ellipses oct-button--cta oct-button--cta-default oct-button--cta-default-responsive oct-teaser__offer oct-teaser__offer--isAvailable oct-button--cta-custom" aria-label="Clearance - when its gone, its gone"><div class="oct-button__content">Clearance - when its gone, its gone</div></button></div></div><div class="oct-teaser__price-wrapper oct-teaser__price-wrapper--current"><div class="oct-teaser__price-col1-wrapper"><p class="oct-text oct-text--standard oct-text--size_m oct-aem-text oct-aem-text--p--variant-subtext oct-teaser__productPrice" data-testid="text">£2.00</p><div class="oct-teaser__product-price-wrapper"></div></div></div><div class="oct-teaser__price-detail-wrapper"><p class="oct-text oct-text--standard oct-text--size_m oct-aem-text oct-aem-text--p--variant-subtext oct-teaser__productPriceDetail" data-testid="text">19G | £10.53 per 100G</p></div></div><div class="oct-teaser__calls-to-action oct-teaser__calls-to-action--two oct-teaser__calls-to-action--left"></div></div></div><div class="oct-teaser__foreground"><a href="https://www.boots.com/boots-tea-tree-and-witch-hazel-clarifying-plastic-free-sheet-mask-19g-10297713" class="oct-link oct-link--theme-text oct-color--boots-blue oct-teaser-wrapper-link" tabindex="-1" aria-hidden="true" data-promo-creative="25% teaser" data-promo-position=""><div class="oct-image-link-wrapper"><img src="https://boots.scene7.com/is/image/Boots/10297713?op_sharpen=1" alt="Foreground image" class="oct-image oct-image--lazy" data-testid="lazy-image" decoding="async" loading="lazy"></div></a></div><div class="oct-teaser__calls-to-action oct-add-to-basket-callToAction oct-add-to-basket-callToAction--with-lister-basket"><div class="oct-add-to-basket"><div class="oct-input__iconContainer"><div></div><input type="hidden" class="oct-input" id="cmProductName_2560071" autocomplete="off" value="Boots Tea Tree &amp; Witch Hazel Clarifying Plastic Free Sheet Mask 19g (10297713.P)" style=""></div><div class="oct-input__iconContainer"><div></div><input type="hidden" class="oct-input" id="catalogEntry_ID" name="catalogEntry_ID" autocomplete="off" value="2560071" style=""></div><div class="oct-input__iconContainer"><div></div><input type="hidden" class="oct-input" id="dlProductId_2560071" name="dlProductId_2560071" autocomplete="off" value="10297713.P" style=""></div><div class="oct-input__iconContainer"><div></div><input type="hidden" class="oct-input" id="dlProductName_2560071" name="dlProductName_2560071" autocomplete="off" value="Boots Tea Tree &amp; Witch Hazel Clarifying Plastic Free Sheet Mask 19g" style=""></div><div class="oct-input__iconContainer"><div></div><input type="hidden" class="oct-input" id="dlParentCatentryID_10297713.P" name="dlParentCatentryID_10297713.P" autocomplete="off" value="2560071" style=""></div><div class="oct-input__iconContainer"><div></div><input type="hidden" class="oct-input" id="dlPackagePartNumber_2560071" name="dlPackagePartNumber_2560071" autocomplete="off" value="" style=""></div><div class="oct-add-to-basket__product_info-container"><div class="oct-add-to-basket__product_add noQuickBuy"><div class="oct-add-to-basket__quickBuySLPContainer quickBuySLPContainer"></div><div class="oct-add-to-basket__shopperActions shopperActions oct-add-to-basket__plp_shopperActions_redesign plp_shopperActions_redesign" id="shopperActionsRedesign2560071"><p class="oct-text oct-text--standard oct-text--size_m oct-aem-text oct-aem-text--p--variant-1 oct-add-to-basket__qty-errorMax qty_errorMax" data-testid="text" id="quantity_msg_2560071">Maximum quantity reached</p><div class="oct-add-to-basket__quantity-section quantity_section quantity_section_redesign" id="quantity_section_2560071"><button data-testid="button" class="oct-button oct-button--ellipses oct-button--cta oct-button--cta-default oct-button--cta-default-primaryTransparent oct-button--cta-default-responsive oct-aem-cta oct-add-to-basket__minus-quantity plus_quantity_disabled minus_quantity_redesign plus_quantity_disabled_redesign control-buttons oct-button--cta-midnight-blue-primary" to="" id="desreseQty_2560071" aria-label="Decrease Quantity Boots Tea Tree &amp; Witch Hazel Clarifying Plastic Free Sheet Mask 19g" aria-hidden="false" data-icon="–"><div class="oct-button__content"></div></button><div class="oct-input__iconContainer"><div></div><input type="text" class="oct-input oct-add-to-basket__quantity-input quantity_input quantity_input_redesign" aria-label="quantity" name="quantity_$2560071" id="quantity_2560071" readonly="" maxlength="2" tabindex="-1" value="1" style=""></div><button data-testid="button" class="oct-button oct-button--ellipses oct-button--cta oct-button--cta-default oct-button--cta-default-primaryTransparent oct-button--cta-default-responsive oct-aem-cta oct-add-to-basket__plus-quantity plus_quantity plus_quantity_redesign control-buttons oct-button--cta-midnight-blue-primary" to="" id="increseQty_2560071" aria-label="Increase Quantity Boots Tea Tree &amp; Witch Hazel Clarifying Plastic Free Sheet Mask 19g" aria-hidden="false" data-icon="+"><div class="oct-button__content"></div></button><div class="oct-add-to-basket__quantity-label quantity_label">in your basket</div></div><div class="oct-input__iconContainer"><div></div><input type="hidden" class="oct-input" name="freeGiftId_2560071" id="freeGiftId_2560071" value="" style=""></div><button data-testid="button" class="oct-button oct-button--ellipses oct-button--cta oct-button--cta-default oct-button--cta-default-primaryTransparent oct-button--cta-default-responsive oct-aem-cta oct-add-to-basket_button oct-button--cta-midnight-blue-primary" to="" id="add2CartBtn_2560071" eeindex="2" data-shop5="" aria-label="Add Boots Tea Tree &amp; Witch Hazel Clarifying Plastic Free Sheet Mask 19g to basket"><div class="oct-button__content"><span class="oct-add-to-basket_button_text button_text button_text_redesign">Add to basket</span></div></button><div class="oct-input__iconContainer"><div></div><input type="hidden" class="oct-input" id="lister_orderItemId_2560071" name="lister_orderItemId" value="" style=""></div><div class="oct-input__iconContainer"><div></div><input type="hidden" class="oct-input" id="lister_orderItemQty_2560071" name="lister_orderItemId" value="0" style=""></div><div class="oct-add-to-basket--overlay" data-testid="oct-add-to-basket"><div class="oct-add-to-basket__overlay-popup oct-overlay-popup" id="basket_confirmation_popup_overlay"></div><div id="basket_confirmation_overlay_2560071" class="oct-add-to-basket__overlay-popup__dialog" style="display: none;"><div class="oct-add-to-basket__overlay-focus" role="dialog" aria-labelledby="2560071-dialog-message"><p class="oct-text oct-text--standard oct-text--size_m oct-aem-text oct-aem-text--p--variant-1 oct-add-to-basket__text" data-testid="text" id="2560071-dialog-message">Are you sure you want to remove this product?</p><a class="oct-link oct-link--theme-text oct-color--boots-blue oct-add-to-basket__close-btn" tabindex="0" title="Close overlay" role="button" aria-label="Close overlay">x</a><div class="row"><button data-testid="button" class="oct-button oct-button--default oct-button--default-default oct-button--default-default-responsive oct-add-to-basket__button-secondary oct-add-to-basket__button button" role="button"><div class="oct-button__content">Yes</div></button><button data-testid="button" class="oct-button oct-button--default oct-button--default-default oct-button--default-default-responsive oct-add-to-basket__button-tertiary oct-add-to-basket__button button" role="button"><div class="oct-button__content">No</div></button></div></div></div></div></div></div></div><div id="entitledItem_2560071" style="display: none;">[ { "catentry_id" : 2560072, "Attributes" : { }, "ItemImage" :
          "/wcsstore/eBootsStorefrontAssetStore/images/NoImageIcon.jpg",
          "ItemImage467" :
          "/wcsstore/eBootsStorefrontAssetStore/images/NoImageIcon.jpg",
          "ItemThumbnailImage" :
          "/wcsstore/eBootsStorefrontAssetStore/images/NoImageIcon_sm.jpg" } ]</div></div></div></div></div></div><div data-testid="cell" class="oct-grid__cell oct-grid__cell--width-3 oct-grid__cell--small-6 oct-grid__cell--medium-small-4 oct-grid__cell--medium-4 oct-grid__cell--medium-large-4 oct-listers-hits__item hit oct-listers__item--with-inGrid" data-insights-position="25" data-insights-query-id="9e35482c34e960965eebfb9265ec00be" data-insights-object-id="3093694" data-productid="10359363.P"><div class="oct-teaser-wrapper oct-teaser-with-basket oct-teaser-with-basket--productTile oct-teaser-with-lister-basket oct-teaser--listers oct-teaser--listers-default"><div class="oct-teaser oct-teaser--theme-productTile oct-teaser--border" style="text-align: left;"><div class="oct-teaser__promotion-offer-roundel-wrapper"><div class="oct-teaser__promotion-offer-roundel-item oct-teaser__promotion-offer-roundel-item--offer" aria-label="Item on offer" role="img">Offer</div></div><div class="oct-add-to-favorites" tabindex="0" role="checkbox" aria-checked="false" aria-label="Add item to favourites"><span class="oct-add-to-favorites__icon"></span></div><div class="oct-teaser__contents oct-teaser__contents--only-foreground-image"><div class="oct-teaser__contents-panel oct-teaser__contents-panel"><div class="oct-teaser__contents-panel--main-content"><div><img src="data:image/svg+xml;base64,PHN2ZyB4bWxucz0iaHR0cDovL3d3dy53My5vcmcvMjAwMC9zdmciIHdpZHRoPSIzMjUiIGhlaWdodD0iMzI1Ij48cmVjdCB3aWR0aD0iMTAwJSIgaGVpZ2h0PSIxMDAlIiBzdHlsZT0iZmlsbDojZjJmMmYyIi8+PC9zdmc+" alt="test" class="oct-image oct-teaser__contents-panel__logo oct-teaser__contents-panel__logo--small oct-image--lazy" data-testid="lazy-image" decoding="async" loading="lazy"></div><a href="https://www.boots.com/boots-ingredients-retinol-serum--30ml-10359363" class="oct-link oct-link--theme-text oct-color--boots-blue oct-teaser__title-link" aria-label="" title="Boots Ingredients Retinol Serum 0.3% 30ml"><h3 class="oct-text oct-text--standard oct-text--size_m oct-aem-text oct-aem-text--h3--variant-1 oct-teaser__subtitle" data-testid="text">none</h3><div><h3 class="oct-text oct-text--standard oct-text--size_m oct-aem-text oct-aem-text--h3--variant-2 oct-teaser__title oct-teaser-with-listers" data-testid="text">Boots Ingredients Retinol Serum 0.3% 30ml</h3></div></a><div class="oct-reviews__reviews-container" aria-label=""><div class="oct-reviews"><div class="oct-reviews__icons" data-testid="reviews__icons"><span><svg xmlns="http://www.w3.org/2000/svg" width="10" height="20" viewBox="0 0 10 20" class="oct-icon" aria-hidden="true" aria-label="" style="height: 14px; width: auto; fill: rgb(255, 204, 0);"><g clip-path="url(#3b8wbmf19a)" transform="translate(-202 -2221)"><g clip-path="url(#n79ah32ilb)" transform="translate(202 2221)"><g clip-path="url(#h1bi9j7dcc)" transform="translate(1.25 2.5)"><path stroke="#767676" stroke-miterlimit="5" d="m8.75 12.188-5.143 2.51.982-5.318L.43 5.614l5.75-.776L8.75 0l2.572 4.838 5.75.776L12.91 9.38l.982 5.318-5.143-2.51z"></path></g></g></g></svg><svg xmlns="http://www.w3.org/2000/svg" width="10" height="20" viewBox="0 0 10 20" class="oct-icon" aria-hidden="true" aria-label="" style="height: 14px; width: auto; fill: rgb(255, 204, 0);"><g clip-path="url(#7gjj25igta)" transform="translate(-232 -2221)"><g clip-path="url(#dvqif6313b)" transform="translate(232 2221)"><g clip-path="url(#6r7ozri4zc)" transform="translate(-8.75 2.5)"><path stroke="#767676" stroke-miterlimit="5" d="m8.75 12.188-5.143 2.51.982-5.318L.43 5.614l5.75-.776L8.75 0l2.572 4.838 5.75.776L12.91 9.38l.982 5.318-5.143-2.51z"></path></g></g></g></svg></span><span><svg xmlns="http://www.w3.org/2000/svg" width="10" height="20" viewBox="0 0 10 20" class="oct-icon" aria-hidden="true" aria-label="" style="height: 14px; width: auto; fill: rgb(255, 204, 0);"><g clip-path="url(#3b8wbmf19a)" transform="translate(-202 -2221)"><g clip-path="url(#n79ah32ilb)" transform="translate(202 2221)"><g clip-path="url(#h1bi9j7dcc)" transform="translate(1.25 2.5)"><path stroke="#767676" stroke-miterlimit="5" d="m8.75 12.188-5.143 2.51.982-5.318L.43 5.614l5.75-.776L8.75 0l2.572 4.838 5.75.776L12.91 9.38l.982 5.318-5.143-2.51z"></path></g></g></g></svg><svg xmlns="http://www.w3.org/2000/svg" width="10" height="20" viewBox="0 0 10 20" class="oct-icon" aria-hidden="true" aria-label="" style="height: 14px; width: auto; fill: rgb(255, 204, 0);"><g clip-path="url(#7gjj25igta)" transform="translate(-232 -2221)"><g clip-path="url(#dvqif6313b)" transform="translate(232 2221)"><g clip-path="url(#6r7ozri4zc)" transform="translate(-8.75 2.5)"><path stroke="#767676" stroke-miterlimit="5" d="m8.75 12.188-5.143 2.51.982-5.318L.43 5.614l5.75-.776L8.75 0l2.572 4.838 5.75.776L12.91 9.38l.982 5.318-5.143-2.51z"></path></g></g></g></svg></span><span><svg xmlns="http://www.w3.org/2000/svg" width="10" height="20" viewBox="0 0 10 20" class="oct-icon" aria-hidden="true" aria-label="" style="height: 14px; width: auto; fill: rgb(255, 204, 0);"><g clip-path="url(#3b8wbmf19a)" transform="translate(-202 -2221)"><g clip-path="url(#n79ah32ilb)" transform="translate(202 2221)"><g clip-path="url(#h1bi9j7dcc)" transform="translate(1.25 2.5)"><path stroke="#767676" stroke-miterlimit="5" d="m8.75 12.188-5.143 2.51.982-5.318L.43 5.614l5.75-.776L8.75 0l2.572 4.838 5.75.776L12.91 9.38l.982 5.318-5.143-2.51z"></path></g></g></g></svg><svg xmlns="http://www.w3.org/2000/svg" width="10" height="20" viewBox="0 0 10 20" class="oct-icon" aria-hidden="true" aria-label="" style="height: 14px; width: auto; fill: rgb(255, 204, 0);"><g clip-path="url(#7gjj25igta)" transform="translate(-232 -2221)"><g clip-path="url(#dvqif6313b)" transform="translate(232 2221)"><g clip-path="url(#6r7ozri4zc)" transform="translate(-8.75 2.5)"><path stroke="#767676" stroke-miterlimit="5" d="m8.75 12.188-5.143 2.51.982-5.318L.43 5.614l5.75-.776L8.75 0l2.572 4.838 5.75.776L12.91 9.38l.982 5.318-5.143-2.51z"></path></g></g></g></svg></span><span><svg xmlns="http://www.w3.org/2000/svg" width="10" height="20" viewBox="0 0 10 20" class="oct-icon" aria-hidden="true" aria-label="" style="height: 14px; width: auto; fill: rgb(255, 204, 0);"><g clip-path="url(#3b8wbmf19a)" transform="translate(-202 -2221)"><g clip-path="url(#n79ah32ilb)" transform="translate(202 2221)"><g clip-path="url(#h1bi9j7dcc)" transform="translate(1.25 2.5)"><path stroke="#767676" stroke-miterlimit="5" d="m8.75 12.188-5.143 2.51.982-5.318L.43 5.614l5.75-.776L8.75 0l2.572 4.838 5.75.776L12.91 9.38l.982 5.318-5.143-2.51z"></path></g></g></g></svg><svg xmlns="http://www.w3.org/2000/svg" width="10" height="20" viewBox="0 0 10 20" class="oct-icon" aria-hidden="true" aria-label="" style="height: 14px; width: auto; fill: rgb(255, 204, 0);"><g clip-path="url(#7gjj25igta)" transform="translate(-232 -2221)"><g clip-path="url(#dvqif6313b)" transform="translate(232 2221)"><g clip-path="url(#6r7ozri4zc)" transform="translate(-8.75 2.5)"><path stroke="#767676" stroke-miterlimit="5" d="m8.75 12.188-5.143 2.51.982-5.318L.43 5.614l5.75-.776L8.75 0l2.572 4.838 5.75.776L12.91 9.38l.982 5.318-5.143-2.51z"></path></g></g></g></svg></span><span><svg xmlns="http://www.w3.org/2000/svg" width="10" height="20" viewBox="0 0 10 20" class="oct-icon" aria-hidden="true" aria-label="" style="height: 14px; width: auto; fill: rgb(255, 204, 0);"><g clip-path="url(#3b8wbmf19a)" transform="translate(-202 -2221)"><g clip-path="url(#n79ah32ilb)" transform="translate(202 2221)"><g clip-path="url(#h1bi9j7dcc)" transform="translate(1.25 2.5)"><path stroke="#767676" stroke-miterlimit="5" d="m8.75 12.188-5.143 2.51.982-5.318L.43 5.614l5.75-.776L8.75 0l2.572 4.838 5.75.776L12.91 9.38l.982 5.318-5.143-2.51z"></path></g></g></g></svg><svg xmlns="http://www.w3.org/2000/svg" width="10" height="20" viewBox="0 0 10 20" class="oct-icon" aria-hidden="true" aria-label="" style="height: 14px; width: auto; fill: rgb(255, 204, 0);"><g clip-path="url(#7gjj25igta)" transform="translate(-232 -2221)"><g clip-path="url(#dvqif6313b)" transform="translate(232 2221)"><g clip-path="url(#6r7ozri4zc)" transform="translate(-8.75 2.5)"><path stroke="#767676" stroke-miterlimit="5" d="m8.75 12.188-5.143 2.51.982-5.318L.43 5.614l5.75-.776L8.75 0l2.572 4.838 5.75.776L12.91 9.38l.982 5.318-5.143-2.51z"></path></g></g></g></svg></span></div><div class="oct-reviews__optionalText"><a href="https://www.boots.com/boots-ingredients-retinol-serum--30ml-10359363#BVRRContainer" class="oct-link oct-link--theme-text oct-color--boots-blue oct-reviews__count" aria-label="5 stars out of 5. 1 reviews"><span class="oct-reviews__optionalTextCount">(1)</span></a></div></div></div><div class="oct-teaser__offer__container" aria-label=""><div class="oct-teaser__wrap"><button data-testid="button" class="oct-button oct-button--ellipses oct-button--cta oct-button--cta-default oct-button--cta-default-responsive oct-teaser__offer oct-teaser__offer--isAvailable oct-button--cta-custom" aria-label="Save 10 percent on selected Boots Brand with your Advantage Card - discount applied at basket"><div class="oct-button__content">Save 10 percent on selected Boots Brand with your Advantage Card - discount applied at basket</div></button></div></div><div class="oct-teaser__price-wrapper oct-teaser__price-wrapper--current"><div class="oct-teaser__price-col1-wrapper"><p class="oct-text oct-text--standard oct-text--size_m oct-aem-text oct-aem-text--p--variant-subtext oct-teaser__productPrice" data-testid="text">£7.00</p><div class="oct-teaser__product-price-wrapper"></div></div></div><div class="oct-teaser__price-detail-wrapper"><p class="oct-text oct-text--standard oct-text--size_m oct-aem-text oct-aem-text--p--variant-subtext oct-teaser__productPriceDetail" data-testid="text">30ML | £23.33 per 100ML</p></div></div><div class="oct-teaser__calls-to-action oct-teaser__calls-to-action--two oct-teaser__calls-to-action--left"></div></div></div><div class="oct-teaser__foreground"><a href="https://www.boots.com/boots-ingredients-retinol-serum--30ml-10359363" class="oct-link oct-link--theme-text oct-color--boots-blue oct-teaser-wrapper-link" tabindex="-1" aria-hidden="true" data-promo-creative="25% teaser" data-promo-position=""><div class="oct-image-link-wrapper"><img src="https://boots.scene7.com/is/image/Boots/10359363?op_sharpen=1" alt="Foreground image" class="oct-image oct-image--lazy" data-testid="lazy-image" decoding="async" loading="lazy"></div></a></div><div class="oct-teaser__calls-to-action oct-add-to-basket-callToAction oct-add-to-basket-callToAction--with-lister-basket"><div class="oct-add-to-basket"><div class="oct-input__iconContainer"><div></div><input type="hidden" class="oct-input" id="cmProductName_3093693" autocomplete="off" value="Boots Ingredients Retinol Serum 0.3% 30ml (10359363.P)" style=""></div><div class="oct-input__iconContainer"><div></div><input type="hidden" class="oct-input" id="catalogEntry_ID" name="catalogEntry_ID" autocomplete="off" value="3093693" style=""></div><div class="oct-input__iconContainer"><div></div><input type="hidden" class="oct-input" id="dlProductId_3093693" name="dlProductId_3093693" autocomplete="off" value="10359363.P" style=""></div><div class="oct-input__iconContainer"><div></div><input type="hidden" class="oct-input" id="dlProductName_3093693" name="dlProductName_3093693" autocomplete="off" value="Boots Ingredients Retinol Serum 0.3% 30ml" style=""></div><div class="oct-input__iconContainer"><div></div><input type="hidden" class="oct-input" id="dlParentCatentryID_10359363.P" name="dlParentCatentryID_10359363.P" autocomplete="off" value="3093693" style=""></div><div class="oct-input__iconContainer"><div></div><input type="hidden" class="oct-input" id="dlPackagePartNumber_3093693" name="dlPackagePartNumber_3093693" autocomplete="off" value="" style=""></div><div class="oct-add-to-basket__product_info-container"><div class="oct-add-to-basket__product_add noQuickBuy"><div class="oct-add-to-basket__quickBuySLPContainer quickBuySLPContainer"></div><div class="oct-add-to-basket__shopperActions shopperActions oct-add-to-basket__plp_shopperActions_redesign plp_shopperActions_redesign" id="shopperActionsRedesign3093693"><p class="oct-text oct-text--standard oct-text--size_m oct-aem-text oct-aem-text--p--variant-1 oct-add-to-basket__qty-errorMax qty_errorMax" data-testid="text" id="quantity_msg_3093693">Maximum quantity reached</p><div class="oct-add-to-basket__quantity-section quantity_section quantity_section_redesign" id="quantity_section_3093693"><button data-testid="button" class="oct-button oct-button--ellipses oct-button--cta oct-button--cta-default oct-button--cta-default-primaryTransparent oct-button--cta-default-responsive oct-aem-cta oct-add-to-basket__minus-quantity plus_quantity_disabled minus_quantity_redesign plus_quantity_disabled_redesign control-buttons oct-button--cta-midnight-blue-primary" to="" id="desreseQty_3093693" aria-label="Decrease Quantity Boots Ingredients Retinol Serum 0.3% 30ml" aria-hidden="false" data-icon="–"><div class="oct-button__content"></div></button><div class="oct-input__iconContainer"><div></div><input type="text" class="oct-input oct-add-to-basket__quantity-input quantity_input quantity_input_redesign" aria-label="quantity" name="quantity_$3093693" id="quantity_3093693" readonly="" maxlength="2" tabindex="-1" value="1" style=""></div><button data-testid="button" class="oct-button oct-button--ellipses oct-button--cta oct-button--cta-default oct-button--cta-default-primaryTransparent oct-button--cta-default-responsive oct-aem-cta oct-add-to-basket__plus-quantity plus_quantity plus_quantity_redesign control-buttons oct-button--cta-midnight-blue-primary" to="" id="increseQty_3093693" aria-label="Increase Quantity Boots Ingredients Retinol Serum 0.3% 30ml" aria-hidden="false" data-icon="+"><div class="oct-button__content"></div></button><div class="oct-add-to-basket__quantity-label quantity_label">in your basket</div></div><div class="oct-input__iconContainer"><div></div><input type="hidden" class="oct-input" name="freeGiftId_3093693" id="freeGiftId_3093693" value="" style=""></div><button data-testid="button" class="oct-button oct-button--ellipses oct-button--cta oct-button--cta-default oct-button--cta-default-primaryTransparent oct-button--cta-default-responsive oct-aem-cta oct-add-to-basket_button oct-button--cta-midnight-blue-primary" to="" id="add2CartBtn_3093693" eeindex="2" data-shop5="" aria-label="Add Boots Ingredients Retinol Serum 0.3% 30ml to basket"><div class="oct-button__content"><span class="oct-add-to-basket_button_text button_text button_text_redesign">Add to basket</span></div></button><div class="oct-input__iconContainer"><div></div><input type="hidden" class="oct-input" id="lister_orderItemId_3093693" name="lister_orderItemId" value="" style=""></div><div class="oct-input__iconContainer"><div></div><input type="hidden" class="oct-input" id="lister_orderItemQty_3093693" name="lister_orderItemId" value="0" style=""></div><div class="oct-add-to-basket--overlay" data-testid="oct-add-to-basket"><div class="oct-add-to-basket__overlay-popup oct-overlay-popup" id="basket_confirmation_popup_overlay"></div><div id="basket_confirmation_overlay_3093693" class="oct-add-to-basket__overlay-popup__dialog" style="display: none;"><div class="oct-add-to-basket__overlay-focus" role="dialog" aria-labelledby="3093693-dialog-message"><p class="oct-text oct-text--standard oct-text--size_m oct-aem-text oct-aem-text--p--variant-1 oct-add-to-basket__text" data-testid="text" id="3093693-dialog-message">Are you sure you want to remove this product?</p><a class="oct-link oct-link--theme-text oct-color--boots-blue oct-add-to-basket__close-btn" tabindex="0" title="Close overlay" role="button" aria-label="Close overlay">x</a><div class="row"><button data-testid="button" class="oct-button oct-button--default oct-button--default-default oct-button--default-default-responsive oct-add-to-basket__button-secondary oct-add-to-basket__button button" role="button"><div class="oct-button__content">Yes</div></button><button data-testid="button" class="oct-button oct-button--default oct-button--default-default oct-button--default-default-responsive oct-add-to-basket__button-tertiary oct-add-to-basket__button button" role="button"><div class="oct-button__content">No</div></button></div></div></div></div></div></div></div><div id="entitledItem_3093693" style="display: none;">[ { "catentry_id" : 3093694, "Attributes" : { }, "ItemImage" :
          "/wcsstore/eBootsStorefrontAssetStore/images/NoImageIcon.jpg",
          "ItemImage467" :
          "/wcsstore/eBootsStorefrontAssetStore/images/NoImageIcon.jpg",
          "ItemThumbnailImage" :
          "/wcsstore/eBootsStorefrontAssetStore/images/NoImageIcon_sm.jpg" } ]</div></div></div></div></div></div><div data-testid="cell" class="oct-grid__cell oct-grid__cell--width-3 oct-grid__cell--small-6 oct-grid__cell--medium-small-4 oct-grid__cell--medium-4 oct-grid__cell--medium-large-4 oct-listers-hits__item hit oct-listers__item--with-inGrid" data-insights-position="26" data-insights-query-id="9e35482c34e960965eebfb9265ec00be" data-insights-object-id="3064220" data-productid="10357384.P"><div class="oct-teaser-wrapper oct-teaser-with-basket oct-teaser-with-basket--productTile oct-teaser-with-lister-basket oct-teaser--listers oct-teaser--listers-default"><div class="oct-teaser oct-teaser--theme-productTile oct-teaser--border" style="text-align: left;"><div class="oct-teaser__promotion-offer-roundel-wrapper"></div><div class="oct-add-to-favorites" tabindex="0" role="checkbox" aria-checked="false" aria-label="Add item to favourites"><span class="oct-add-to-favorites__icon"></span></div><div class="oct-teaser__contents oct-teaser__contents--only-foreground-image"><div class="oct-teaser__contents-panel oct-teaser__contents-panel"><div class="oct-teaser__contents-panel--main-content"><div><img src="data:image/svg+xml;base64,PHN2ZyB4bWxucz0iaHR0cDovL3d3dy53My5vcmcvMjAwMC9zdmciIHdpZHRoPSIzMjUiIGhlaWdodD0iMzI1Ij48cmVjdCB3aWR0aD0iMTAwJSIgaGVpZ2h0PSIxMDAlIiBzdHlsZT0iZmlsbDojZjJmMmYyIi8+PC9zdmc+" alt="test" class="oct-image oct-teaser__contents-panel__logo oct-teaser__contents-panel__logo--small oct-image--lazy" data-testid="lazy-image" decoding="async" loading="lazy"></div><a href="https://www.boots.com/drunk-elephant-lala-and-b-hydra-bundle-10357384" class="oct-link oct-link--theme-text oct-color--boots-blue oct-teaser__title-link" aria-label="" title="Drunk Elephant Lala &amp; B-Hydra Bundle"><h3 class="oct-text oct-text--standard oct-text--size_m oct-aem-text oct-aem-text--h3--variant-1 oct-teaser__subtitle" data-testid="text">none</h3><div><h3 class="oct-text oct-text--standard oct-text--size_m oct-aem-text oct-aem-text--h3--variant-2 oct-teaser__title oct-teaser-with-listers" data-testid="text">Drunk Elephant Lala &amp; B-Hydra Bundle</h3></div></a><div class="oct-reviews__reviews-container" aria-label=""><div class="oct-reviews"><div class="oct-reviews__icons" data-testid="reviews__icons"><span><svg xmlns="http://www.w3.org/2000/svg" width="10" height="20" viewBox="0 0 10 20" class="oct-icon" aria-hidden="true" aria-label="" style="height: 14px; width: auto; fill: rgb(255, 204, 0);"><g clip-path="url(#3b8wbmf19a)" transform="translate(-202 -2221)"><g clip-path="url(#n79ah32ilb)" transform="translate(202 2221)"><g clip-path="url(#h1bi9j7dcc)" transform="translate(1.25 2.5)"><path stroke="#767676" stroke-miterlimit="5" d="m8.75 12.188-5.143 2.51.982-5.318L.43 5.614l5.75-.776L8.75 0l2.572 4.838 5.75.776L12.91 9.38l.982 5.318-5.143-2.51z"></path></g></g></g></svg><svg xmlns="http://www.w3.org/2000/svg" width="10" height="20" viewBox="0 0 10 20" class="oct-icon" aria-hidden="true" aria-label="" style="height: 14px; width: auto; fill: rgb(255, 204, 0);"><g clip-path="url(#7gjj25igta)" transform="translate(-232 -2221)"><g clip-path="url(#dvqif6313b)" transform="translate(232 2221)"><g clip-path="url(#6r7ozri4zc)" transform="translate(-8.75 2.5)"><path stroke="#767676" stroke-miterlimit="5" d="m8.75 12.188-5.143 2.51.982-5.318L.43 5.614l5.75-.776L8.75 0l2.572 4.838 5.75.776L12.91 9.38l.982 5.318-5.143-2.51z"></path></g></g></g></svg></span><span><svg xmlns="http://www.w3.org/2000/svg" width="10" height="20" viewBox="0 0 10 20" class="oct-icon" aria-hidden="true" aria-label="" style="height: 14px; width: auto; fill: rgb(255, 204, 0);"><g clip-path="url(#3b8wbmf19a)" transform="translate(-202 -2221)"><g clip-path="url(#n79ah32ilb)" transform="translate(202 2221)"><g clip-path="url(#h1bi9j7dcc)" transform="translate(1.25 2.5)"><path stroke="#767676" stroke-miterlimit="5" d="m8.75 12.188-5.143 2.51.982-5.318L.43 5.614l5.75-.776L8.75 0l2.572 4.838 5.75.776L12.91 9.38l.982 5.318-5.143-2.51z"></path></g></g></g></svg><svg xmlns="http://www.w3.org/2000/svg" width="10" height="20" viewBox="0 0 10 20" class="oct-icon" aria-hidden="true" aria-label="" style="height: 14px; width: auto; fill: rgb(255, 204, 0);"><g clip-path="url(#7gjj25igta)" transform="translate(-232 -2221)"><g clip-path="url(#dvqif6313b)" transform="translate(232 2221)"><g clip-path="url(#6r7ozri4zc)" transform="translate(-8.75 2.5)"><path stroke="#767676" stroke-miterlimit="5" d="m8.75 12.188-5.143 2.51.982-5.318L.43 5.614l5.75-.776L8.75 0l2.572 4.838 5.75.776L12.91 9.38l.982 5.318-5.143-2.51z"></path></g></g></g></svg></span><span><svg xmlns="http://www.w3.org/2000/svg" width="10" height="20" viewBox="0 0 10 20" class="oct-icon" aria-hidden="true" aria-label="" style="height: 14px; width: auto; fill: rgb(255, 204, 0);"><g clip-path="url(#3b8wbmf19a)" transform="translate(-202 -2221)"><g clip-path="url(#n79ah32ilb)" transform="translate(202 2221)"><g clip-path="url(#h1bi9j7dcc)" transform="translate(1.25 2.5)"><path stroke="#767676" stroke-miterlimit="5" d="m8.75 12.188-5.143 2.51.982-5.318L.43 5.614l5.75-.776L8.75 0l2.572 4.838 5.75.776L12.91 9.38l.982 5.318-5.143-2.51z"></path></g></g></g></svg><svg xmlns="http://www.w3.org/2000/svg" width="10" height="20" viewBox="0 0 10 20" class="oct-icon" aria-hidden="true" aria-label="" style="height: 14px; width: auto; fill: rgb(255, 204, 0);"><g clip-path="url(#7gjj25igta)" transform="translate(-232 -2221)"><g clip-path="url(#dvqif6313b)" transform="translate(232 2221)"><g clip-path="url(#6r7ozri4zc)" transform="translate(-8.75 2.5)"><path stroke="#767676" stroke-miterlimit="5" d="m8.75 12.188-5.143 2.51.982-5.318L.43 5.614l5.75-.776L8.75 0l2.572 4.838 5.75.776L12.91 9.38l.982 5.318-5.143-2.51z"></path></g></g></g></svg></span><span><svg xmlns="http://www.w3.org/2000/svg" width="10" height="20" viewBox="0 0 10 20" class="oct-icon" aria-hidden="true" aria-label="" style="height: 14px; width: auto; fill: rgb(255, 204, 0);"><g clip-path="url(#3b8wbmf19a)" transform="translate(-202 -2221)"><g clip-path="url(#n79ah32ilb)" transform="translate(202 2221)"><g clip-path="url(#h1bi9j7dcc)" transform="translate(1.25 2.5)"><path stroke="#767676" stroke-miterlimit="5" d="m8.75 12.188-5.143 2.51.982-5.318L.43 5.614l5.75-.776L8.75 0l2.572 4.838 5.75.776L12.91 9.38l.982 5.318-5.143-2.51z"></path></g></g></g></svg><svg xmlns="http://www.w3.org/2000/svg" width="10" height="20" viewBox="0 0 10 20" class="oct-icon" aria-hidden="true" aria-label="" style="height: 14px; width: auto; fill: rgb(255, 204, 0);"><g clip-path="url(#7gjj25igta)" transform="translate(-232 -2221)"><g clip-path="url(#dvqif6313b)" transform="translate(232 2221)"><g clip-path="url(#6r7ozri4zc)" transform="translate(-8.75 2.5)"><path stroke="#767676" stroke-miterlimit="5" d="m8.75 12.188-5.143 2.51.982-5.318L.43 5.614l5.75-.776L8.75 0l2.572 4.838 5.75.776L12.91 9.38l.982 5.318-5.143-2.51z"></path></g></g></g></svg></span><span><svg xmlns="http://www.w3.org/2000/svg" width="10" height="20" viewBox="0 0 10 20" class="oct-icon" aria-hidden="true" aria-label="" style="height: 14px; width: auto; fill: rgb(255, 204, 0);"><g clip-path="url(#3b8wbmf19a)" transform="translate(-202 -2221)"><g clip-path="url(#n79ah32ilb)" transform="translate(202 2221)"><g clip-path="url(#h1bi9j7dcc)" transform="translate(1.25 2.5)"><path stroke="#767676" stroke-miterlimit="5" d="m8.75 12.188-5.143 2.51.982-5.318L.43 5.614l5.75-.776L8.75 0l2.572 4.838 5.75.776L12.91 9.38l.982 5.318-5.143-2.51z"></path></g></g></g></svg><svg xmlns="http://www.w3.org/2000/svg" width="10" height="20" viewBox="0 0 10 20" class="oct-icon" aria-hidden="true" aria-label="" style="height: 14px; width: auto; fill: rgb(255, 204, 0);"><g clip-path="url(#7gjj25igta)" transform="translate(-232 -2221)"><g clip-path="url(#dvqif6313b)" transform="translate(232 2221)"><g clip-path="url(#6r7ozri4zc)" transform="translate(-8.75 2.5)"><path stroke="#767676" stroke-miterlimit="5" d="m8.75 12.188-5.143 2.51.982-5.318L.43 5.614l5.75-.776L8.75 0l2.572 4.838 5.75.776L12.91 9.38l.982 5.318-5.143-2.51z"></path></g></g></g></svg></span></div><div class="oct-reviews__optionalText"><a href="https://www.boots.com/drunk-elephant-lala-and-b-hydra-bundle-10357384#BVRRContainer" class="oct-link oct-link--theme-text oct-color--boots-blue oct-reviews__count" aria-label="5 stars out of 5. 3 reviews"><span class="oct-reviews__optionalTextCount">(3)</span></a></div></div></div><div class="oct-teaser__offer__container" aria-label=""><div class="oct-teaser__wrap"></div></div><div class="oct-teaser__price-wrapper oct-teaser__price-wrapper--current"><div class="oct-teaser__price-col1-wrapper"><p class="oct-text oct-text--standard oct-text--size_m oct-aem-text oct-aem-text--p--variant-subtext oct-teaser__productPrice" data-testid="text">£69.00</p><div class="oct-teaser__product-price-wrapper"></div></div></div><div class="oct-teaser__price-detail-wrapper"><p class="oct-text oct-text--standard oct-text--size_m oct-aem-text oct-aem-text--p--variant-subtext oct-teaser__productPriceDetail" data-testid="text"></p></div></div><div class="oct-teaser__calls-to-action oct-teaser__calls-to-action--two oct-teaser__calls-to-action--left"></div></div></div><div class="oct-teaser__foreground"><a href="https://www.boots.com/drunk-elephant-lala-and-b-hydra-bundle-10357384" class="oct-link oct-link--theme-text oct-color--boots-blue oct-teaser-wrapper-link" tabindex="-1" aria-hidden="true" data-promo-creative="25% teaser" data-promo-position=""><div class="oct-image-link-wrapper"><img src="https://boots.scene7.com/is/image/Boots/10357384?op_sharpen=1" alt="Foreground image" class="oct-image oct-image--lazy" data-testid="lazy-image" decoding="async" loading="lazy"></div></a></div><div class="oct-teaser__calls-to-action oct-add-to-basket-callToAction oct-add-to-basket-callToAction--with-lister-basket"><div class="oct-add-to-basket"><div class="oct-input__iconContainer"><div></div><input type="hidden" class="oct-input" id="cmProductName_3064220" autocomplete="off" value="Drunk Elephant Lala &amp; B-Hydra Bundle (null)" style=""></div><div class="oct-input__iconContainer"><div></div><input type="hidden" class="oct-input" id="catalogEntry_ID" name="catalogEntry_ID" autocomplete="off" value="3064220" style=""></div><div class="oct-input__iconContainer"><div></div><input type="hidden" class="oct-input" id="dlProductId_3064220" name="dlProductId_3064220" autocomplete="off" value="" style=""></div><div class="oct-input__iconContainer"><div></div><input type="hidden" class="oct-input" id="dlProductName_3064220" name="dlProductName_3064220" autocomplete="off" value="Drunk Elephant Lala &amp; B-Hydra Bundle" style=""></div><div class="oct-input__iconContainer"><div></div><input type="hidden" class="oct-input" id="dlParentCatentryID_10357384.P" name="dlParentCatentryID_10357384.P" autocomplete="off" value="3064220" style=""></div><div class="oct-input__iconContainer"><div></div><input type="hidden" class="oct-input" id="dlPackagePartNumber_3064220" name="dlPackagePartNumber_3064220" autocomplete="off" value="10357384.P" style=""></div><div class="oct-add-to-basket__product_info-container"><div class="oct-add-to-basket__product_add noQuickBuy"><div class="oct-add-to-basket__quickBuySLPContainer quickBuySLPContainer"></div><div class="oct-add-to-basket__shopperActions shopperActions oct-add-to-basket__plp_shopperActions_redesign plp_shopperActions_redesign" id="shopperActionsRedesign3064220"><p class="oct-text oct-text--standard oct-text--size_m oct-aem-text oct-aem-text--p--variant-1 oct-add-to-basket__qty-errorMax qty_errorMax" data-testid="text" id="quantity_msg_3064220">Maximum quantity reached</p><div class="oct-add-to-basket__quantity-section quantity_section quantity_section_redesign" id="quantity_section_3064220"><button data-testid="button" class="oct-button oct-button--ellipses oct-button--cta oct-button--cta-default oct-button--cta-default-primaryTransparent oct-button--cta-default-responsive oct-aem-cta oct-add-to-basket__minus-quantity plus_quantity_disabled minus_quantity_redesign plus_quantity_disabled_redesign control-buttons oct-button--cta-midnight-blue-primary" to="" id="desreseQty_3064220" aria-label="Decrease Quantity Drunk Elephant Lala &amp; B-Hydra Bundle" aria-hidden="false" data-icon="–"><div class="oct-button__content"></div></button><div class="oct-input__iconContainer"><div></div><input type="text" class="oct-input oct-add-to-basket__quantity-input quantity_input quantity_input_redesign" aria-label="quantity" name="quantity_$3064220" id="quantity_3064220" readonly="" maxlength="2" tabindex="-1" value="1" style=""></div><button data-testid="button" class="oct-button oct-button--ellipses oct-button--cta oct-button--cta-default oct-button--cta-default-primaryTransparent oct-button--cta-default-responsive oct-aem-cta oct-add-to-basket__plus-quantity plus_quantity plus_quantity_redesign control-buttons oct-button--cta-midnight-blue-primary" to="" id="increseQty_3064220" aria-label="Increase Quantity Drunk Elephant Lala &amp; B-Hydra Bundle" aria-hidden="false" data-icon="+"><div class="oct-button__content"></div></button><div class="oct-add-to-basket__quantity-label quantity_label">in your basket</div></div><div class="oct-input__iconContainer"><div></div><input type="hidden" class="oct-input" name="freeGiftId_3064220" id="freeGiftId_3064220" value="" style=""></div><button data-testid="button" class="oct-button oct-button--ellipses oct-button--cta oct-button--cta-default oct-button--cta-default-primaryTransparent oct-button--cta-default-responsive oct-aem-cta oct-add-to-basket_button oct-button--cta-midnight-blue-primary" to="" id="add2CartBtn_3064220" eeindex="2" data-shop5="" aria-label="Add Drunk Elephant Lala &amp; B-Hydra Bundle to basket"><div class="oct-button__content"><span class="oct-add-to-basket_button_text button_text button_text_redesign">Add to basket</span></div></button><div class="oct-input__iconContainer"><div></div><input type="hidden" class="oct-input" id="lister_orderItemId_3064220" name="lister_orderItemId" value="" style=""></div><div class="oct-input__iconContainer"><div></div><input type="hidden" class="oct-input" id="lister_orderItemQty_3064220" name="lister_orderItemId" value="0" style=""></div><div class="oct-add-to-basket--overlay" data-testid="oct-add-to-basket"><div class="oct-add-to-basket__overlay-popup oct-overlay-popup" id="basket_confirmation_popup_overlay"></div><div id="basket_confirmation_overlay_3064220" class="oct-add-to-basket__overlay-popup__dialog" style="display: none;"><div class="oct-add-to-basket__overlay-focus" role="dialog" aria-labelledby="3064220-dialog-message"><p class="oct-text oct-text--standard oct-text--size_m oct-aem-text oct-aem-text--p--variant-1 oct-add-to-basket__text" data-testid="text" id="3064220-dialog-message">Are you sure you want to remove this product?</p><a class="oct-link oct-link--theme-text oct-color--boots-blue oct-add-to-basket__close-btn" tabindex="0" title="Close overlay" role="button" aria-label="Close overlay">x</a><div class="row"><button data-testid="button" class="oct-button oct-button--default oct-button--default-default oct-button--default-default-responsive oct-add-to-basket__button-secondary oct-add-to-basket__button button" role="button"><div class="oct-button__content">Yes</div></button><button data-testid="button" class="oct-button oct-button--default oct-button--default-default oct-button--default-default-responsive oct-add-to-basket__button-tertiary oct-add-to-basket__button button" role="button"><div class="oct-button__content">No</div></button></div></div></div></div></div></div></div><div id="entitledItem_3064220" style="display: none;">[ { "catentry_id" : 3064220, "Attributes" : { }, "ItemImage" :
          "/wcsstore/eBootsStorefrontAssetStore/images/NoImageIcon.jpg",
          "ItemImage467" :
          "/wcsstore/eBootsStorefrontAssetStore/images/NoImageIcon.jpg",
          "ItemThumbnailImage" :
          "/wcsstore/eBootsStorefrontAssetStore/images/NoImageIcon_sm.jpg" } ]</div></div></div></div></div></div><div data-testid="cell" class="oct-grid__cell oct-grid__cell--width-3 oct-grid__cell--small-6 oct-grid__cell--medium-small-4 oct-grid__cell--medium-4 oct-grid__cell--medium-large-4 oct-listers-hits__item hit oct-listers__item--with-inGrid" data-insights-position="27" data-insights-query-id="9e35482c34e960965eebfb9265ec00be" data-insights-object-id="3107093" data-productid="10362934.P"><div class="oct-teaser-wrapper oct-teaser-with-basket oct-teaser-with-basket--productTile oct-teaser-with-lister-basket oct-teaser--listers oct-teaser--listers-default"><div class="oct-teaser oct-teaser--theme-productTile oct-teaser--border" style="text-align: left;"><div class="oct-teaser__promotion-offer-roundel-wrapper"></div><div class="oct-add-to-favorites" tabindex="0" role="checkbox" aria-checked="false" aria-label="Add item to favourites"><span class="oct-add-to-favorites__icon"></span></div><div class="oct-teaser__contents oct-teaser__contents--only-foreground-image"><div class="oct-teaser__contents-panel oct-teaser__contents-panel"><div class="oct-teaser__contents-panel--main-content"><div><img src="data:image/svg+xml;base64,PHN2ZyB4bWxucz0iaHR0cDovL3d3dy53My5vcmcvMjAwMC9zdmciIHdpZHRoPSIzMjUiIGhlaWdodD0iMzI1Ij48cmVjdCB3aWR0aD0iMTAwJSIgaGVpZ2h0PSIxMDAlIiBzdHlsZT0iZmlsbDojZjJmMmYyIi8+PC9zdmc+" alt="test" class="oct-image oct-teaser__contents-panel__logo oct-teaser__contents-panel__logo--small oct-image--lazy" data-testid="lazy-image" decoding="async" loading="lazy"></div><a href="https://www.boots.com/boots-collagen-bundle-10362934" class="oct-link oct-link--theme-text oct-color--boots-blue oct-teaser__title-link" aria-label="" title="Boots Collagen Bundle"><h3 class="oct-text oct-text--standard oct-text--size_m oct-aem-text oct-aem-text--h3--variant-1 oct-teaser__subtitle" data-testid="text">none</h3><div><h3 class="oct-text oct-text--standard oct-text--size_m oct-aem-text oct-aem-text--h3--variant-2 oct-teaser__title oct-teaser-with-listers" data-testid="text">Boots Collagen Bundle</h3></div></a><div class="oct-reviews__reviews-container" aria-label=""><div class="oct-reviews"><div class="oct-reviews__icons" data-testid="reviews__icons"><span><svg xmlns="http://www.w3.org/2000/svg" width="10" height="20" viewBox="0 0 10 20" class="oct-icon" aria-hidden="true" aria-label="" style="height: 14px; width: auto; fill: rgb(255, 204, 0);"><g clip-path="url(#3b8wbmf19a)" transform="translate(-202 -2221)"><g clip-path="url(#n79ah32ilb)" transform="translate(202 2221)"><g clip-path="url(#h1bi9j7dcc)" transform="translate(1.25 2.5)"><path stroke="#767676" stroke-miterlimit="5" d="m8.75 12.188-5.143 2.51.982-5.318L.43 5.614l5.75-.776L8.75 0l2.572 4.838 5.75.776L12.91 9.38l.982 5.318-5.143-2.51z"></path></g></g></g></svg><svg xmlns="http://www.w3.org/2000/svg" width="10" height="20" viewBox="0 0 10 20" class="oct-icon" aria-hidden="true" aria-label="" style="height: 14px; width: auto; fill: rgb(255, 204, 0);"><g clip-path="url(#7gjj25igta)" transform="translate(-232 -2221)"><g clip-path="url(#dvqif6313b)" transform="translate(232 2221)"><g clip-path="url(#6r7ozri4zc)" transform="translate(-8.75 2.5)"><path stroke="#767676" stroke-miterlimit="5" d="m8.75 12.188-5.143 2.51.982-5.318L.43 5.614l5.75-.776L8.75 0l2.572 4.838 5.75.776L12.91 9.38l.982 5.318-5.143-2.51z"></path></g></g></g></svg></span><span><svg xmlns="http://www.w3.org/2000/svg" width="10" height="20" viewBox="0 0 10 20" class="oct-icon" aria-hidden="true" aria-label="" style="height: 14px; width: auto; fill: rgb(255, 204, 0);"><g clip-path="url(#3b8wbmf19a)" transform="translate(-202 -2221)"><g clip-path="url(#n79ah32ilb)" transform="translate(202 2221)"><g clip-path="url(#h1bi9j7dcc)" transform="translate(1.25 2.5)"><path stroke="#767676" stroke-miterlimit="5" d="m8.75 12.188-5.143 2.51.982-5.318L.43 5.614l5.75-.776L8.75 0l2.572 4.838 5.75.776L12.91 9.38l.982 5.318-5.143-2.51z"></path></g></g></g></svg><svg xmlns="http://www.w3.org/2000/svg" width="10" height="20" viewBox="0 0 10 20" class="oct-icon" aria-hidden="true" aria-label="" style="height: 14px; width: auto; fill: rgb(255, 204, 0);"><g clip-path="url(#7gjj25igta)" transform="translate(-232 -2221)"><g clip-path="url(#dvqif6313b)" transform="translate(232 2221)"><g clip-path="url(#6r7ozri4zc)" transform="translate(-8.75 2.5)"><path stroke="#767676" stroke-miterlimit="5" d="m8.75 12.188-5.143 2.51.982-5.318L.43 5.614l5.75-.776L8.75 0l2.572 4.838 5.75.776L12.91 9.38l.982 5.318-5.143-2.51z"></path></g></g></g></svg></span><span><svg xmlns="http://www.w3.org/2000/svg" width="10" height="20" viewBox="0 0 10 20" class="oct-icon" aria-hidden="true" aria-label="" style="height: 14px; width: auto; fill: rgb(255, 204, 0);"><g clip-path="url(#3b8wbmf19a)" transform="translate(-202 -2221)"><g clip-path="url(#n79ah32ilb)" transform="translate(202 2221)"><g clip-path="url(#h1bi9j7dcc)" transform="translate(1.25 2.5)"><path stroke="#767676" stroke-miterlimit="5" d="m8.75 12.188-5.143 2.51.982-5.318L.43 5.614l5.75-.776L8.75 0l2.572 4.838 5.75.776L12.91 9.38l.982 5.318-5.143-2.51z"></path></g></g></g></svg><svg xmlns="http://www.w3.org/2000/svg" width="10" height="20" viewBox="0 0 10 20" class="oct-icon" aria-hidden="true" aria-label="" style="height: 14px; width: auto; fill: rgb(255, 204, 0);"><g clip-path="url(#7gjj25igta)" transform="translate(-232 -2221)"><g clip-path="url(#dvqif6313b)" transform="translate(232 2221)"><g clip-path="url(#6r7ozri4zc)" transform="translate(-8.75 2.5)"><path stroke="#767676" stroke-miterlimit="5" d="m8.75 12.188-5.143 2.51.982-5.318L.43 5.614l5.75-.776L8.75 0l2.572 4.838 5.75.776L12.91 9.38l.982 5.318-5.143-2.51z"></path></g></g></g></svg></span><span><svg xmlns="http://www.w3.org/2000/svg" width="10" height="20" viewBox="0 0 10 20" class="oct-icon" aria-hidden="true" aria-label="" style="height: 14px; width: auto; fill: rgb(255, 204, 0);"><g clip-path="url(#3b8wbmf19a)" transform="translate(-202 -2221)"><g clip-path="url(#n79ah32ilb)" transform="translate(202 2221)"><g clip-path="url(#h1bi9j7dcc)" transform="translate(1.25 2.5)"><path stroke="#767676" stroke-miterlimit="5" d="m8.75 12.188-5.143 2.51.982-5.318L.43 5.614l5.75-.776L8.75 0l2.572 4.838 5.75.776L12.91 9.38l.982 5.318-5.143-2.51z"></path></g></g></g></svg><svg xmlns="http://www.w3.org/2000/svg" width="10" height="20" viewBox="0 0 10 20" class="oct-icon" aria-hidden="true" aria-label="" style="height: 14px; width: auto; fill: rgb(255, 204, 0);"><g clip-path="url(#7gjj25igta)" transform="translate(-232 -2221)"><g clip-path="url(#dvqif6313b)" transform="translate(232 2221)"><g clip-path="url(#6r7ozri4zc)" transform="translate(-8.75 2.5)"><path stroke="#767676" stroke-miterlimit="5" d="m8.75 12.188-5.143 2.51.982-5.318L.43 5.614l5.75-.776L8.75 0l2.572 4.838 5.75.776L12.91 9.38l.982 5.318-5.143-2.51z"></path></g></g></g></svg></span><span><svg xmlns="http://www.w3.org/2000/svg" width="10" height="20" viewBox="0 0 10 20" class="oct-icon" aria-hidden="true" aria-label="" style="height: 14px; width: auto; fill: rgb(255, 204, 0);"><g clip-path="url(#3b8wbmf19a)" transform="translate(-202 -2221)"><g clip-path="url(#n79ah32ilb)" transform="translate(202 2221)"><g clip-path="url(#h1bi9j7dcc)" transform="translate(1.25 2.5)"><path stroke="#767676" stroke-miterlimit="5" d="m8.75 12.188-5.143 2.51.982-5.318L.43 5.614l5.75-.776L8.75 0l2.572 4.838 5.75.776L12.91 9.38l.982 5.318-5.143-2.51z"></path></g></g></g></svg><svg xmlns="http://www.w3.org/2000/svg" width="10" height="20" viewBox="0 0 10 20" class="oct-icon" aria-hidden="true" aria-label="" style="height: 14px; width: auto; fill: rgb(255, 204, 0);"><g clip-path="url(#7gjj25igta)" transform="translate(-232 -2221)"><g clip-path="url(#dvqif6313b)" transform="translate(232 2221)"><g clip-path="url(#6r7ozri4zc)" transform="translate(-8.75 2.5)"><path stroke="#767676" stroke-miterlimit="5" d="m8.75 12.188-5.143 2.51.982-5.318L.43 5.614l5.75-.776L8.75 0l2.572 4.838 5.75.776L12.91 9.38l.982 5.318-5.143-2.51z"></path></g></g></g></svg></span></div><div class="oct-reviews__optionalText"><a href="https://www.boots.com/boots-collagen-bundle-10362934#BVRRContainer" class="oct-link oct-link--theme-text oct-color--boots-blue oct-reviews__count" aria-label="5 stars out of 5. 1 reviews"><span class="oct-reviews__optionalTextCount">(1)</span></a></div></div></div><div class="oct-teaser__offer__container" aria-label=""><div class="oct-teaser__wrap"></div></div><div class="oct-teaser__price-wrapper oct-teaser__price-wrapper--current"><div class="oct-teaser__price-col1-wrapper"><p class="oct-text oct-text--standard oct-text--size_m oct-aem-text oct-aem-text--p--variant-subtext oct-teaser__productPrice" data-testid="text">£24.00</p><div class="oct-teaser__product-price-wrapper"></div></div></div><div class="oct-teaser__price-detail-wrapper"><p class="oct-text oct-text--standard oct-text--size_m oct-aem-text oct-aem-text--p--variant-subtext oct-teaser__productPriceDetail" data-testid="text"></p></div></div><div class="oct-teaser__calls-to-action oct-teaser__calls-to-action--two oct-teaser__calls-to-action--left"></div></div></div><div class="oct-teaser__foreground"><a href="https://www.boots.com/boots-collagen-bundle-10362934" class="oct-link oct-link--theme-text oct-color--boots-blue oct-teaser-wrapper-link" tabindex="-1" aria-hidden="true" data-promo-creative="25% teaser" data-promo-position=""><div class="oct-image-link-wrapper"><img src="https://boots.scene7.com/is/image/Boots/10362934?op_sharpen=1" alt="Foreground image" class="oct-image oct-image--lazy" data-testid="lazy-image" decoding="async" loading="lazy"></div></a></div><div class="oct-teaser__calls-to-action oct-add-to-basket-callToAction oct-add-to-basket-callToAction--with-lister-basket"><div class="oct-add-to-basket"><div class="oct-input__iconContainer"><div></div><input type="hidden" class="oct-input" id="cmProductName_3107093" autocomplete="off" value="Boots Collagen Bundle (null)" style=""></div><div class="oct-input__iconContainer"><div></div><input type="hidden" class="oct-input" id="catalogEntry_ID" name="catalogEntry_ID" autocomplete="off" value="3107093" style=""></div><div class="oct-input__iconContainer"><div></div><input type="hidden" class="oct-input" id="dlProductId_3107093" name="dlProductId_3107093" autocomplete="off" value="" style=""></div><div class="oct-input__iconContainer"><div></div><input type="hidden" class="oct-input" id="dlProductName_3107093" name="dlProductName_3107093" autocomplete="off" value="Boots Collagen Bundle" style=""></div><div class="oct-input__iconContainer"><div></div><input type="hidden" class="oct-input" id="dlParentCatentryID_10362934.P" name="dlParentCatentryID_10362934.P" autocomplete="off" value="3107093" style=""></div><div class="oct-input__iconContainer"><div></div><input type="hidden" class="oct-input" id="dlPackagePartNumber_3107093" name="dlPackagePartNumber_3107093" autocomplete="off" value="10362934.P" style=""></div><div class="oct-add-to-basket__product_info-container"><div class="oct-add-to-basket__product_add noQuickBuy"><div class="oct-add-to-basket__quickBuySLPContainer quickBuySLPContainer"></div><div class="oct-add-to-basket__shopperActions shopperActions oct-add-to-basket__plp_shopperActions_redesign plp_shopperActions_redesign" id="shopperActionsRedesign3107093"><p class="oct-text oct-text--standard oct-text--size_m oct-aem-text oct-aem-text--p--variant-1 oct-add-to-basket__qty-errorMax qty_errorMax" data-testid="text" id="quantity_msg_3107093">Maximum quantity reached</p><div class="oct-add-to-basket__quantity-section quantity_section quantity_section_redesign" id="quantity_section_3107093"><button data-testid="button" class="oct-button oct-button--ellipses oct-button--cta oct-button--cta-default oct-button--cta-default-primaryTransparent oct-button--cta-default-responsive oct-aem-cta oct-add-to-basket__minus-quantity plus_quantity_disabled minus_quantity_redesign plus_quantity_disabled_redesign control-buttons oct-button--cta-midnight-blue-primary" to="" id="desreseQty_3107093" aria-label="Decrease Quantity Boots Collagen Bundle" aria-hidden="false" data-icon="–"><div class="oct-button__content"></div></button><div class="oct-input__iconContainer"><div></div><input type="text" class="oct-input oct-add-to-basket__quantity-input quantity_input quantity_input_redesign" aria-label="quantity" name="quantity_$3107093" id="quantity_3107093" readonly="" maxlength="2" tabindex="-1" value="1" style=""></div><button data-testid="button" class="oct-button oct-button--ellipses oct-button--cta oct-button--cta-default oct-button--cta-default-primaryTransparent oct-button--cta-default-responsive oct-aem-cta oct-add-to-basket__plus-quantity plus_quantity plus_quantity_redesign control-buttons oct-button--cta-midnight-blue-primary" to="" id="increseQty_3107093" aria-label="Increase Quantity Boots Collagen Bundle" aria-hidden="false" data-icon="+"><div class="oct-button__content"></div></button><div class="oct-add-to-basket__quantity-label quantity_label">in your basket</div></div><div class="oct-input__iconContainer"><div></div><input type="hidden" class="oct-input" name="freeGiftId_3107093" id="freeGiftId_3107093" value="" style=""></div><button data-testid="button" class="oct-button oct-button--ellipses oct-button--cta oct-button--cta-default oct-button--cta-default-primaryTransparent oct-button--cta-default-responsive oct-aem-cta oct-add-to-basket_button oct-button--cta-midnight-blue-primary" to="" id="add2CartBtn_3107093" eeindex="2" data-shop5="" aria-label="Add Boots Collagen Bundle to basket"><div class="oct-button__content"><span class="oct-add-to-basket_button_text button_text button_text_redesign">Add to basket</span></div></button><div class="oct-input__iconContainer"><div></div><input type="hidden" class="oct-input" id="lister_orderItemId_3107093" name="lister_orderItemId" value="" style=""></div><div class="oct-input__iconContainer"><div></div><input type="hidden" class="oct-input" id="lister_orderItemQty_3107093" name="lister_orderItemId" value="0" style=""></div><div class="oct-add-to-basket--overlay" data-testid="oct-add-to-basket"><div class="oct-add-to-basket__overlay-popup oct-overlay-popup" id="basket_confirmation_popup_overlay"></div><div id="basket_confirmation_overlay_3107093" class="oct-add-to-basket__overlay-popup__dialog" style="display: none;"><div class="oct-add-to-basket__overlay-focus" role="dialog" aria-labelledby="3107093-dialog-message"><p class="oct-text oct-text--standard oct-text--size_m oct-aem-text oct-aem-text--p--variant-1 oct-add-to-basket__text" data-testid="text" id="3107093-dialog-message">Are you sure you want to remove this product?</p><a class="oct-link oct-link--theme-text oct-color--boots-blue oct-add-to-basket__close-btn" tabindex="0" title="Close overlay" role="button" aria-label="Close overlay">x</a><div class="row"><button data-testid="button" class="oct-button oct-button--default oct-button--default-default oct-button--default-default-responsive oct-add-to-basket__button-secondary oct-add-to-basket__button button" role="button"><div class="oct-button__content">Yes</div></button><button data-testid="button" class="oct-button oct-button--default oct-button--default-default oct-button--default-default-responsive oct-add-to-basket__button-tertiary oct-add-to-basket__button button" role="button"><div class="oct-button__content">No</div></button></div></div></div></div></div></div></div><div id="entitledItem_3107093" style="display: none;">[ { "catentry_id" : 3107093, "Attributes" : { }, "ItemImage" :
          "/wcsstore/eBootsStorefrontAssetStore/images/NoImageIcon.jpg",
          "ItemImage467" :
          "/wcsstore/eBootsStorefrontAssetStore/images/NoImageIcon.jpg",
          "ItemThumbnailImage" :
          "/wcsstore/eBootsStorefrontAssetStore/images/NoImageIcon_sm.jpg" } ]</div></div></div></div></div></div><div data-testid="cell" class="oct-grid__cell oct-grid__cell--width-3 oct-grid__cell--small-6 oct-grid__cell--medium-small-4 oct-grid__cell--medium-4 oct-grid__cell--medium-large-4 oct-listers-hits__item hit oct-listers__item--with-inGrid" data-insights-position="28" data-insights-query-id="9e35482c34e960965eebfb9265ec00be" data-insights-object-id="3000181" data-productid="10348078.P"><div class="oct-teaser-wrapper oct-teaser-with-basket oct-teaser-with-basket--productTile oct-teaser-with-lister-basket oct-teaser--listers oct-teaser--listers-default"><div class="oct-teaser oct-teaser--theme-productTile oct-teaser--border" style="text-align: left;"><div class="oct-teaser__promotion-offer-roundel-wrapper"><div class="oct-teaser__promotion-offer-roundel-item oct-teaser__promotion-offer-roundel-item--adv" aria-label="btc-4" data-promoid="Digital offer roundel" data-promotype="Price advantage" data-promoname="btc-4"><svg xmlns="http://www.w3.org/2000/svg" xmlns:xlink="http://www.w3.org/1999/xlink" width="40px" height="40px" viewBox="0 0 40 40" version="1.1" class="oct-icon" aria-hidden="true" aria-label="" role="img" style="height: 40px; width: 40px; fill: black;"><title>Group 10</title><defs><rect id="path-1" x="0" y="0" width="9.16666667" height="10" rx="1"></rect></defs><g id="Symbols" stroke="none" stroke-width="1" fill="none" fill-rule="evenodd"><g id="Group-10"><circle id="Oval-Copy-3" stroke="#E41B68" fill="#FFFFFF" cx="20" cy="20" r="19.5"></circle><path d="M20,20 C31.045695,20 40,11.045695 40,0 L0,0 C0,11.045695 8.954305,20 20,20 Z" id="Oval-Copy-2" fill="#E41B68" transform="translate(20.000000, 10.000000) scale(1, -1) translate(-20.000000, -10.000000) "></path><path d="M7.13,31 L7.13,28.53 L8.18,28.53 C10.14,28.53 10.98,27.4 10.98,26.06 C10.98,24.72 10.14,23.6 8.18,23.6 L5.82,23.6 L5.82,31 L7.13,31 Z M8.18,27.27 L7.13,27.27 L7.13,24.86 L8.18,24.86 C9.25,24.86 9.68,25.41 9.68,26.07 C9.68,26.73 9.25,27.27 8.18,27.27 Z M13.36,31 L13.36,27.93 L13.49,27.93 L15.91,31 L17.52,31 L15.03,27.93 C16.73,27.86 17.38,26.95 17.38,25.76 C17.38,24.52 16.68,23.6 14.82,23.6 L12.05,23.6 L12.05,31 L13.36,31 Z M14.88,26.81 L13.36,26.81 L13.36,24.86 L14.88,24.86 C15.67,24.86 16.08,25.21 16.08,25.84 C16.08,26.47 15.67,26.81 14.88,26.81 Z M19.95,31 L19.95,23.6 L18.64,23.6 L18.64,31 L19.95,31 Z M25.12,31.13 C25.9,31.13 26.82,30.96 27.37,30.62 L27.37,29.3 L27.35,29.3 C26.81,29.73 25.98,29.93 25.2,29.93 C23.4,29.93 22.48,28.71 22.48,27.3 C22.48,25.89 23.4,24.67 25.18,24.67 C25.93,24.67 26.77,24.87 27.31,25.3 L27.33,25.3 L27.33,23.98 C26.8,23.65 25.89,23.47 25.1,23.47 C22.69,23.47 21.16,25.2 21.16,27.3 C21.16,29.4 22.69,31.13 25.12,31.13 Z M33.26,31 L33.26,29.74 L29.88,29.74 L29.88,27.77 L32.54,27.77 L32.54,26.51 L29.88,26.51 L29.88,24.86 L33.26,24.86 L33.26,23.6 L28.57,23.6 L28.57,31 L33.26,31 Z" id="PRICE" fill="#E41B68" fill-rule="nonzero"></path><g id="Group-9" transform="translate(20.000000, 13.000000) rotate(-10.000000) translate(-20.000000, -13.000000) translate(10.000000, 3.000000)"><rect id="Rectangle" fill="#FFFFFF" x="1" y="4" width="17" height="13" rx="3"></rect><g id="Group"><rect id="Rectangle-Copy" stroke="#05054B" x="1.5" y="4.5" width="17" height="11" rx="3"></rect><line x1="4" y1="7.5" x2="10" y2="7.5" id="Line-2-Copy-2" stroke="#E41B68"></line><line x1="4" y1="9.5" x2="10" y2="9.5" id="Line-2-Copy-3" stroke="#E41B68"></line><g transform="translate(9.000000, 5.000000)" id="Logo-Crop-/-Square-/-No-Background"><mask id="mask-2" fill="white"><use xlink:href="#path-1"></use></mask><use id="Mask" fill-opacity="0" fill="#FFFFFF" xlink:href="#path-1"></use><path d="M20.7071566,4.26682283 C20.6944276,3.73363751 20.4307947,3.22199341 19.9804565,2.98276609 C20.1583069,2.70827497 20.3291207,2.43394342 20.4901704,2.16766989 C20.6599169,2.51500227 20.9114533,2.89021858 20.9114533,3.38391165 C20.9114533,3.69685785 20.8389928,4.00425918 20.7071566,4.26682283 M20.2710338,4.77954354 C20.0786286,4.92089424 19.849533,5.00436306 19.5921801,5.00436306 C19.2490962,5.00436306 18.9566914,4.86285169 18.7756371,4.61863109 C19.1201999,4.19739074 19.460566,3.72561922 19.7821472,3.24561329 C20.1558865,3.45741842 20.3088434,3.94593994 20.3090436,4.38834875 C20.3091231,4.52508015 20.2966532,4.65554536 20.2710338,4.77954354 M18.6388538,4.26682283 C18.6208973,4.18658239 18.6113436,4.10096139 18.6113436,4.01054468 C18.6113436,3.5556149 18.93007,3.18887943 19.3510099,3.18887943 C19.3789805,3.18887943 19.406222,3.1900881 19.4328113,3.1923495 C19.1643475,3.57904761 18.8959605,3.94488632 18.6388538,4.26682283 M13.5688716,6.42270964 C13.420811,6.42270964 13.3539501,6.29962813 13.3539501,6.07318244 C13.3539501,5.34173818 13.9848866,3.80714656 14.9977007,2.90521011 C15.1098165,3.0971201 15.1600605,3.33976072 15.1611604,3.59292805 C15.1663459,4.80200146 14.0910707,6.42270964 13.5688716,6.42270964 M9.56802689,7.21698373 C9.42674343,7.21698373 9.35614043,7.09102592 9.35614043,6.87788188 C9.35614043,5.94768288 10.8911651,2.90521011 11.663383,2.90521011 C11.8093914,2.90521011 11.8753082,3.03116792 11.8753082,3.24917335 C11.8753082,4.18905528 10.3496559,7.21698373 9.56802689,7.21698373 M7.33890924,4.09662124 C7.14936432,3.88422335 6.94073559,3.71214192 6.72744367,3.5780766 C7.25818512,2.45292874 7.84805895,1.39017252 8.58590087,0.579121712 C8.83665504,0.846122365 8.97278882,1.21046364 8.97278882,1.64551005 C8.97278882,2.72880789 8.27907086,3.67933183 7.33890924,4.09662124 M4.38906603,9.31613668 C4.18176831,9.31613668 3.99376053,9.28831381 3.82492433,9.23933439 C4.7512749,8.18470016 5.44149148,6.49485038 6.19577113,4.79813471 C6.5124968,4.80863315 6.81746704,4.76919414 7.08677655,4.72069374 C7.2376246,5.04267253 7.32985334,5.43630418 7.32985334,5.90438295 C7.32985334,7.43659644 6.21687566,9.31613668 4.38906603,9.31613668 M3.15466921,8.86226577 C2.86746062,8.56850196 2.72579589,8.18831501 2.72971306,7.87208201 C2.73165263,7.7152138 2.76979753,7.56982985 2.83182576,7.44391918 C2.92439272,7.66328502 3.14797579,7.8313046 3.41860295,7.8313046 C3.52360598,7.8313046 3.62393123,7.80733747 3.7153953,7.7654366 C3.53182063,8.17549925 3.3472952,8.54649048 3.15466921,8.86226577 M5.08450819,3.75735424 C5.08450819,3.54372328 5.3224585,3.50686894 5.57738884,3.5398308 C5.48558939,3.72435097 5.39670299,3.91019624 5.310423,4.09662124 C5.16645693,3.99993035 5.08450819,3.88062995 5.08450819,3.75735424 M6.55686439,3.92641965 C6.65638118,4.0088766 6.75070137,4.10428939 6.8369727,4.21281412 C6.69385138,4.24290134 6.54740892,4.26128148 6.39885657,4.26682283 C6.45105698,4.15306893 6.50372625,4.03954917 6.55686439,3.92641965 M20.9585556,1.20865216 C20.9585556,1.07987876 20.8855405,0.998414792 20.7675052,0.998414792 C20.5714612,0.998414792 20.3365309,1.24598478 20.3365309,1.61770183 C20.3365309,1.6701606 20.3423501,1.72217684 20.3527696,1.77411263 C20.1279442,2.13347934 19.8938003,2.49658735 19.6574938,2.84823007 C19.5764969,2.83165567 19.4914894,2.8228455 19.4026287,2.8228455 C18.8333699,2.8228455 18.2470861,3.25900959 18.2470861,4.04838533 C18.2470861,4.26324905 18.2836526,4.45132017 18.3468381,4.61428833 C17.8600703,5.18188094 17.4314158,5.54997737 17.1420681,5.54997737 C17.0273356,5.54997737 16.959078,5.48637513 16.959078,5.35434317 C16.959078,5.2124953 17.0260381,4.98749385 17.1598796,4.67447108 L18.8325049,0.884687077 L20.6382247,0.666846407 L20.8434693,0.229435213 L19.0960987,0.287485829 L19.3987755,-0.398340165 L18.7207607,-0.312290082 L18.4139554,0.310134822 L15.9697756,0.39135741 L15.5302691,1.28311626 L18.0863505,0.974719842 L17.5718629,2.01854475 C17.3097239,1.89733442 16.9905725,1.82866332 16.6206211,1.82866332 C16.0612313,1.82866332 15.5408852,1.97071233 15.0734623,2.20979398 C14.8611403,2.10419254 14.6223567,2.05362454 14.378619,2.05362454 C13.7878527,2.05362454 13.1193531,2.34415923 12.5765559,2.85333917 C12.4666596,2.50612166 12.2358577,2.29761414 11.895081,2.29761414 C11.497685,2.29761414 11.0757934,2.51167327 10.6722243,2.85631612 C10.4306098,2.65336023 10.0804751,2.59595327 9.71280424,2.73808275 C9.91049959,2.3597279 10.0198454,1.95691374 10.0198454,1.55719723 C10.0198454,0.857371507 9.69935718,0.34396751 9.1145281,0.0341630768 C9.31493645,-0.132465928 9.52564635,-0.281313662 9.74791601,-0.409443401 C9.66644728,-0.475097321 9.6140352,-0.516452853 9.54550239,-0.555555556 C9.25505379,-0.434707287 8.98060798,-0.292175524 8.72074947,-0.13097745 C8.35276403,-0.250980908 7.91306095,-0.312290082 7.41009378,-0.312290082 C5.07722573,-0.312290082 2.87006015,1.06624108 2.87006015,2.76930054 C2.87006015,3.52021725 3.28534621,3.78858569 3.69548149,3.78858569 C4.07939108,3.78858569 4.45465051,3.56804967 4.57311831,3.30173291 C4.23957622,3.23129173 4.04192018,2.93520542 4.04192018,2.55958615 C4.04192018,1.23355398 5.61172664,0.0731853207 7.22258202,0.0731853207 C7.58317551,0.0731853207 7.89572132,0.141816195 8.15196249,0.268537915 C7.17347273,1.03993124 6.42271795,2.08826181 5.80230528,3.21017144 C5.71159661,3.19584987 5.62419073,3.18880978 5.5414638,3.18880978 C5.07871985,3.18880978 4.74443069,3.3922082 4.74443069,3.78580988 C4.74443069,4.05349443 4.91436691,4.28243834 5.1748152,4.44850413 C4.7914954,5.26543682 4.45626259,6.08224882 4.13396569,6.82576337 C4.02226074,6.60011825 3.76743505,6.45279922 3.47274001,6.45279922 C2.76315211,6.45279922 2.23002735,7.09147669 2.23002735,7.8820593 C2.23002735,8.39763567 2.43456419,8.89116649 2.78697935,9.28613596 C2.45422363,9.6665425 2.09009144,9.89250945 1.66517226,9.90260696 C1.52547226,9.90594597 1.38986143,9.87239489 1.26919178,9.80114912 C1.60281251,9.76361536 1.87592148,9.51033283 1.86845089,9.18113796 C1.86098031,8.8519431 1.59274688,8.61909697 1.22546918,8.62786691 C0.774914081,8.63856786 0.5317661,9.02388234 0.539219797,9.3608012 C0.553627399,9.98576054 1.07149643,10.3136278 1.74825306,10.297496 C2.33233509,10.2835767 2.83514498,10.0700808 3.28212206,9.71099567 C3.70759171,9.98958231 4.23878984,10.1587055 4.83183657,10.1587055 C6.6270582,10.1587055 8.14976063,8.59503995 8.14976063,6.49528117 C8.14976063,5.66137179 7.93967983,5.00016602 7.62512876,4.49504922 C8.20830645,4.28489231 8.71937331,3.95058835 9.11818475,3.5458432 C9.67568721,2.97998043 10.0910912,3.03215759 10.3279482,3.18587305 C9.401438,4.1692336 8.6491891,5.75591022 8.6491891,6.82190137 C8.6491891,7.48218188 8.90731758,7.9125932 9.40450487,7.9125932 C10.8935897,7.9125932 12.6725333,4.97373549 12.6501608,3.35913986 C13.1289076,2.81644907 13.769019,2.4933288 14.287753,2.4933288 C14.3864434,2.4933288 14.4759332,2.50519639 14.5568515,2.52720171 C13.3928159,3.36939829 12.6671859,4.80968115 12.6671859,5.91759104 C12.6671859,6.50453387 12.9492203,6.94962882 13.4989769,6.94962882 C14.5240202,6.94962882 15.8593288,5.31600482 15.8593288,3.68696694 C15.8593288,3.18631557 15.7204545,2.80993195 15.4997183,2.54538527 C15.8582672,2.32702162 16.2523211,2.19442645 16.6735836,2.19442645 C16.9189335,2.19442645 17.1751353,2.25316097 17.4052687,2.3565498 L16.3784561,4.43969396 C16.1394366,4.94835092 16.0471552,5.32433225 16.0471552,5.59821208 C16.0471552,6.01884773 16.2876295,6.23471718 16.6700842,6.23471718 C17.2270756,6.23471718 17.883465,5.70562382 18.5378885,4.9491555 C18.8212597,5.3072751 19.2615919,5.46799043 19.6263139,5.46799043 C19.7423439,5.46799043 19.8617947,5.45632398 19.9815993,5.43343361 C19.7059739,5.78934062 19.2470832,6.0576286 18.5740226,6.22976899 L18.2733118,7.36157498 C19.4561024,6.99255329 20.2074077,6.12448939 20.526795,5.24934517 C21.078321,4.9752642 21.5686275,4.45188338 21.5686275,3.72574781 C21.5686275,2.92361944 20.9112943,2.4442895 20.6722748,1.86225463 C20.8491705,1.65684476 20.9585556,1.39941863 20.9585556,1.20865216 Z" id="Fill-1" fill="#05054B" mask="url(#mask-2)"></path></g></g></g></g></g></svg></div></div><div class="oct-add-to-favorites" tabindex="0" role="checkbox" aria-checked="false" aria-label="Add item to favourites"><span class="oct-add-to-favorites__icon"></span></div><div class="oct-teaser__contents oct-teaser__contents--only-foreground-image"><div class="oct-teaser__contents-panel oct-teaser__contents-panel"><div class="oct-teaser__contents-panel--main-content"><div><img src="data:image/svg+xml;base64,PHN2ZyB4bWxucz0iaHR0cDovL3d3dy53My5vcmcvMjAwMC9zdmciIHdpZHRoPSIzMjUiIGhlaWdodD0iMzI1Ij48cmVjdCB3aWR0aD0iMTAwJSIgaGVpZ2h0PSIxMDAlIiBzdHlsZT0iZmlsbDojZjJmMmYyIi8+PC9zdmc+" alt="test" class="oct-image oct-teaser__contents-panel__logo oct-teaser__contents-panel__logo--small oct-image--lazy" data-testid="lazy-image" decoding="async" loading="lazy"></div><a href="https://www.boots.com/botanics-all-bright-vitamin-c-glow-sheet-mask-10348078" class="oct-link oct-link--theme-text oct-color--boots-blue oct-teaser__title-link" aria-label="" title="Botanics sheet mask Vitamin C glow"><h3 class="oct-text oct-text--standard oct-text--size_m oct-aem-text oct-aem-text--h3--variant-1 oct-teaser__subtitle" data-testid="text">none</h3><div><h3 class="oct-text oct-text--standard oct-text--size_m oct-aem-text oct-aem-text--h3--variant-2 oct-teaser__title oct-teaser-with-listers" data-testid="text">Botanics sheet mask Vitamin C glow</h3></div></a><div class="oct-reviews__reviews-container" aria-label=""><div class="oct-reviews"><div class="oct-reviews__icons" data-testid="reviews__icons"><span><svg xmlns="http://www.w3.org/2000/svg" width="10" height="20" viewBox="0 0 10 20" class="oct-icon" aria-hidden="true" aria-label="" style="height: 14px; width: auto; fill: rgb(255, 204, 0);"><g clip-path="url(#3b8wbmf19a)" transform="translate(-202 -2221)"><g clip-path="url(#n79ah32ilb)" transform="translate(202 2221)"><g clip-path="url(#h1bi9j7dcc)" transform="translate(1.25 2.5)"><path stroke="#767676" stroke-miterlimit="5" d="m8.75 12.188-5.143 2.51.982-5.318L.43 5.614l5.75-.776L8.75 0l2.572 4.838 5.75.776L12.91 9.38l.982 5.318-5.143-2.51z"></path></g></g></g></svg><svg xmlns="http://www.w3.org/2000/svg" width="10" height="20" viewBox="0 0 10 20" class="oct-icon" aria-hidden="true" aria-label="" style="height: 14px; width: auto; fill: rgb(255, 204, 0);"><g clip-path="url(#7gjj25igta)" transform="translate(-232 -2221)"><g clip-path="url(#dvqif6313b)" transform="translate(232 2221)"><g clip-path="url(#6r7ozri4zc)" transform="translate(-8.75 2.5)"><path stroke="#767676" stroke-miterlimit="5" d="m8.75 12.188-5.143 2.51.982-5.318L.43 5.614l5.75-.776L8.75 0l2.572 4.838 5.75.776L12.91 9.38l.982 5.318-5.143-2.51z"></path></g></g></g></svg></span><span><svg xmlns="http://www.w3.org/2000/svg" width="10" height="20" viewBox="0 0 10 20" class="oct-icon" aria-hidden="true" aria-label="" style="height: 14px; width: auto; fill: rgb(255, 204, 0);"><g clip-path="url(#3b8wbmf19a)" transform="translate(-202 -2221)"><g clip-path="url(#n79ah32ilb)" transform="translate(202 2221)"><g clip-path="url(#h1bi9j7dcc)" transform="translate(1.25 2.5)"><path stroke="#767676" stroke-miterlimit="5" d="m8.75 12.188-5.143 2.51.982-5.318L.43 5.614l5.75-.776L8.75 0l2.572 4.838 5.75.776L12.91 9.38l.982 5.318-5.143-2.51z"></path></g></g></g></svg><svg xmlns="http://www.w3.org/2000/svg" width="10" height="20" viewBox="0 0 10 20" class="oct-icon" aria-hidden="true" aria-label="" style="height: 14px; width: auto; fill: rgb(255, 204, 0);"><g clip-path="url(#7gjj25igta)" transform="translate(-232 -2221)"><g clip-path="url(#dvqif6313b)" transform="translate(232 2221)"><g clip-path="url(#6r7ozri4zc)" transform="translate(-8.75 2.5)"><path stroke="#767676" stroke-miterlimit="5" d="m8.75 12.188-5.143 2.51.982-5.318L.43 5.614l5.75-.776L8.75 0l2.572 4.838 5.75.776L12.91 9.38l.982 5.318-5.143-2.51z"></path></g></g></g></svg></span><span><svg xmlns="http://www.w3.org/2000/svg" width="10" height="20" viewBox="0 0 10 20" class="oct-icon" aria-hidden="true" aria-label="" style="height: 14px; width: auto; fill: rgb(255, 204, 0);"><g clip-path="url(#3b8wbmf19a)" transform="translate(-202 -2221)"><g clip-path="url(#n79ah32ilb)" transform="translate(202 2221)"><g clip-path="url(#h1bi9j7dcc)" transform="translate(1.25 2.5)"><path stroke="#767676" stroke-miterlimit="5" d="m8.75 12.188-5.143 2.51.982-5.318L.43 5.614l5.75-.776L8.75 0l2.572 4.838 5.75.776L12.91 9.38l.982 5.318-5.143-2.51z"></path></g></g></g></svg><svg xmlns="http://www.w3.org/2000/svg" width="10" height="20" viewBox="0 0 10 20" class="oct-icon" aria-hidden="true" aria-label="" style="height: 14px; width: auto; fill: rgb(255, 204, 0);"><g clip-path="url(#7gjj25igta)" transform="translate(-232 -2221)"><g clip-path="url(#dvqif6313b)" transform="translate(232 2221)"><g clip-path="url(#6r7ozri4zc)" transform="translate(-8.75 2.5)"><path stroke="#767676" stroke-miterlimit="5" d="m8.75 12.188-5.143 2.51.982-5.318L.43 5.614l5.75-.776L8.75 0l2.572 4.838 5.75.776L12.91 9.38l.982 5.318-5.143-2.51z"></path></g></g></g></svg></span><span><svg xmlns="http://www.w3.org/2000/svg" width="10" height="20" viewBox="0 0 10 20" class="oct-icon" aria-hidden="true" aria-label="" style="height: 14px; width: auto; fill: rgb(255, 204, 0);"><g clip-path="url(#3b8wbmf19a)" transform="translate(-202 -2221)"><g clip-path="url(#n79ah32ilb)" transform="translate(202 2221)"><g clip-path="url(#h1bi9j7dcc)" transform="translate(1.25 2.5)"><path stroke="#767676" stroke-miterlimit="5" d="m8.75 12.188-5.143 2.51.982-5.318L.43 5.614l5.75-.776L8.75 0l2.572 4.838 5.75.776L12.91 9.38l.982 5.318-5.143-2.51z"></path></g></g></g></svg><svg xmlns="http://www.w3.org/2000/svg" width="10" height="20" viewBox="0 0 10 20" class="oct-icon" aria-hidden="true" aria-label="" style="height: 14px; width: auto; fill: rgb(255, 204, 0);"><g clip-path="url(#7gjj25igta)" transform="translate(-232 -2221)"><g clip-path="url(#dvqif6313b)" transform="translate(232 2221)"><g clip-path="url(#6r7ozri4zc)" transform="translate(-8.75 2.5)"><path stroke="#767676" stroke-miterlimit="5" d="m8.75 12.188-5.143 2.51.982-5.318L.43 5.614l5.75-.776L8.75 0l2.572 4.838 5.75.776L12.91 9.38l.982 5.318-5.143-2.51z"></path></g></g></g></svg></span><span><svg xmlns="http://www.w3.org/2000/svg" width="10" height="20" viewBox="0 0 10 20" class="oct-icon" aria-hidden="true" aria-label="" style="height: 14px; width: auto; fill: rgb(255, 204, 0);"><g clip-path="url(#3b8wbmf19a)" transform="translate(-202 -2221)"><g clip-path="url(#n79ah32ilb)" transform="translate(202 2221)"><g clip-path="url(#h1bi9j7dcc)" transform="translate(1.25 2.5)"><path stroke="#767676" stroke-miterlimit="5" d="m8.75 12.188-5.143 2.51.982-5.318L.43 5.614l5.75-.776L8.75 0l2.572 4.838 5.75.776L12.91 9.38l.982 5.318-5.143-2.51z"></path></g></g></g></svg><svg xmlns="http://www.w3.org/2000/svg" width="10" height="20" viewBox="0 0 10 20" class="oct-icon" aria-hidden="true" aria-label="" style="height: 14px; width: auto; fill: rgb(255, 204, 0);"><g clip-path="url(#7gjj25igta)" transform="translate(-232 -2221)"><g clip-path="url(#dvqif6313b)" transform="translate(232 2221)"><g clip-path="url(#6r7ozri4zc)" transform="translate(-8.75 2.5)"><path stroke="#767676" stroke-miterlimit="5" d="m8.75 12.188-5.143 2.51.982-5.318L.43 5.614l5.75-.776L8.75 0l2.572 4.838 5.75.776L12.91 9.38l.982 5.318-5.143-2.51z"></path></g></g></g></svg></span></div><div class="oct-reviews__optionalText"><a href="https://www.boots.com/botanics-all-bright-vitamin-c-glow-sheet-mask-10348078#BVRRContainer" class="oct-link oct-link--theme-text oct-color--boots-blue oct-reviews__count" aria-label="5 stars out of 5. 6 reviews"><span class="oct-reviews__optionalTextCount">(6)</span></a></div></div></div><div class="oct-teaser__offer__container" aria-label=""><div class="oct-teaser__wrap oct-teaser__wrap--hasPriceAdv"><button data-testid="button" class="oct-button oct-button--ellipses oct-button--cta oct-button--cta-default oct-button--cta-default-responsive oct-teaser__offer oct-teaser__offer--isAvailable oct-teaser__offer oct-teaser__offer--hasPA oct-button--cta-custom" aria-label="£2.00 with Advantage Card"><div class="oct-button__content"><span class="oct-teaser__offer-price-adv">£2.00</span>with Advantage Card</div></button></div></div><div class="oct-teaser__price-wrapper oct-teaser__price-wrapper--current"><div class="oct-teaser__price-col1-wrapper"><p class="oct-text oct-text--standard oct-text--size_m oct-aem-text oct-aem-text--p--variant-subtext oct-teaser__productPrice" data-testid="text">£3.49</p><div class="oct-teaser__product-price-wrapper"></div></div></div><div class="oct-teaser__price-detail-wrapper"><p class="oct-text oct-text--standard oct-text--size_m oct-aem-text oct-aem-text--p--variant-subtext oct-teaser__productPriceDetail" data-testid="text"></p></div></div><div class="oct-teaser__calls-to-action oct-teaser__calls-to-action--two oct-teaser__calls-to-action--left"></div></div></div><div class="oct-teaser__foreground"><a href="https://www.boots.com/botanics-all-bright-vitamin-c-glow-sheet-mask-10348078" class="oct-link oct-link--theme-text oct-color--boots-blue oct-teaser-wrapper-link" tabindex="-1" aria-hidden="true" data-promo-creative="25% teaser" data-promo-position=""><div class="oct-image-link-wrapper"><img src="https://boots.scene7.com/is/image/Boots/10348078?op_sharpen=1" alt="Foreground image" class="oct-image oct-image--lazy" data-testid="lazy-image" decoding="async" loading="lazy"></div></a></div><div class="oct-teaser__calls-to-action oct-add-to-basket-callToAction oct-add-to-basket-callToAction--with-lister-basket"><div class="oct-add-to-basket"><div class="oct-input__iconContainer"><div></div><input type="hidden" class="oct-input" id="cmProductName_3000180" autocomplete="off" value="Botanics sheet mask Vitamin C glow (10348078.P)" style=""></div><div class="oct-input__iconContainer"><div></div><input type="hidden" class="oct-input" id="catalogEntry_ID" name="catalogEntry_ID" autocomplete="off" value="3000180" style=""></div><div class="oct-input__iconContainer"><div></div><input type="hidden" class="oct-input" id="dlProductId_3000180" name="dlProductId_3000180" autocomplete="off" value="10348078.P" style=""></div><div class="oct-input__iconContainer"><div></div><input type="hidden" class="oct-input" id="dlProductName_3000180" name="dlProductName_3000180" autocomplete="off" value="Botanics sheet mask Vitamin C glow" style=""></div><div class="oct-input__iconContainer"><div></div><input type="hidden" class="oct-input" id="dlParentCatentryID_10348078.P" name="dlParentCatentryID_10348078.P" autocomplete="off" value="3000180" style=""></div><div class="oct-input__iconContainer"><div></div><input type="hidden" class="oct-input" id="dlPackagePartNumber_3000180" name="dlPackagePartNumber_3000180" autocomplete="off" value="" style=""></div><div class="oct-add-to-basket__product_info-container"><div class="oct-add-to-basket__product_add noQuickBuy"><div class="oct-add-to-basket__quickBuySLPContainer quickBuySLPContainer"></div><div class="oct-add-to-basket__shopperActions shopperActions oct-add-to-basket__plp_shopperActions_redesign plp_shopperActions_redesign" id="shopperActionsRedesign3000180"><p class="oct-text oct-text--standard oct-text--size_m oct-aem-text oct-aem-text--p--variant-1 oct-add-to-basket__qty-errorMax qty_errorMax" data-testid="text" id="quantity_msg_3000180">Maximum quantity reached</p><div class="oct-add-to-basket__quantity-section quantity_section quantity_section_redesign" id="quantity_section_3000180"><button data-testid="button" class="oct-button oct-button--ellipses oct-button--cta oct-button--cta-default oct-button--cta-default-primaryTransparent oct-button--cta-default-responsive oct-aem-cta oct-add-to-basket__minus-quantity plus_quantity_disabled minus_quantity_redesign plus_quantity_disabled_redesign control-buttons oct-button--cta-midnight-blue-primary" to="" id="desreseQty_3000180" aria-label="Decrease Quantity Botanics sheet mask Vitamin C glow" aria-hidden="false" data-icon="–"><div class="oct-button__content"></div></button><div class="oct-input__iconContainer"><div></div><input type="text" class="oct-input oct-add-to-basket__quantity-input quantity_input quantity_input_redesign" aria-label="quantity" name="quantity_$3000180" id="quantity_3000180" readonly="" maxlength="2" tabindex="-1" value="1" style=""></div><button data-testid="button" class="oct-button oct-button--ellipses oct-button--cta oct-button--cta-default oct-button--cta-default-primaryTransparent oct-button--cta-default-responsive oct-aem-cta oct-add-to-basket__plus-quantity plus_quantity plus_quantity_redesign control-buttons oct-button--cta-midnight-blue-primary" to="" id="increseQty_3000180" aria-label="Increase Quantity Botanics sheet mask Vitamin C glow" aria-hidden="false" data-icon="+"><div class="oct-button__content"></div></button><div class="oct-add-to-basket__quantity-label quantity_label">in your basket</div></div><div class="oct-input__iconContainer"><div></div><input type="hidden" class="oct-input" name="freeGiftId_3000180" id="freeGiftId_3000180" value="" style=""></div><button data-testid="button" class="oct-button oct-button--ellipses oct-button--cta oct-button--cta-default oct-button--cta-default-primaryTransparent oct-button--cta-default-responsive oct-aem-cta oct-add-to-basket_button oct-button--cta-midnight-blue-primary" to="" id="add2CartBtn_3000180" eeindex="2" data-shop5="" aria-label="Add Botanics sheet mask Vitamin C glow to basket"><div class="oct-button__content"><span class="oct-add-to-basket_button_text button_text button_text_redesign">Add to basket</span></div></button><div class="oct-input__iconContainer"><div></div><input type="hidden" class="oct-input" id="lister_orderItemId_3000180" name="lister_orderItemId" value="" style=""></div><div class="oct-input__iconContainer"><div></div><input type="hidden" class="oct-input" id="lister_orderItemQty_3000180" name="lister_orderItemId" value="0" style=""></div><div class="oct-add-to-basket--overlay" data-testid="oct-add-to-basket"><div class="oct-add-to-basket__overlay-popup oct-overlay-popup" id="basket_confirmation_popup_overlay"></div><div id="basket_confirmation_overlay_3000180" class="oct-add-to-basket__overlay-popup__dialog" style="display: none;"><div class="oct-add-to-basket__overlay-focus" role="dialog" aria-labelledby="3000180-dialog-message"><p class="oct-text oct-text--standard oct-text--size_m oct-aem-text oct-aem-text--p--variant-1 oct-add-to-basket__text" data-testid="text" id="3000180-dialog-message">Are you sure you want to remove this product?</p><a class="oct-link oct-link--theme-text oct-color--boots-blue oct-add-to-basket__close-btn" tabindex="0" title="Close overlay" role="button" aria-label="Close overlay">x</a><div class="row"><button data-testid="button" class="oct-button oct-button--default oct-button--default-default oct-button--default-default-responsive oct-add-to-basket__button-secondary oct-add-to-basket__button button" role="button"><div class="oct-button__content">Yes</div></button><button data-testid="button" class="oct-button oct-button--default oct-button--default-default oct-button--default-default-responsive oct-add-to-basket__button-tertiary oct-add-to-basket__button button" role="button"><div class="oct-button__content">No</div></button></div></div></div></div></div></div></div><div id="entitledItem_3000180" style="display: none;">[ { "catentry_id" : 3000181, "Attributes" : { }, "ItemImage" :
          "/wcsstore/eBootsStorefrontAssetStore/images/NoImageIcon.jpg",
          "ItemImage467" :
          "/wcsstore/eBootsStorefrontAssetStore/images/NoImageIcon.jpg",
          "ItemThumbnailImage" :
          "/wcsstore/eBootsStorefrontAssetStore/images/NoImageIcon_sm.jpg" } ]</div></div></div></div></div></div><div data-testid="cell" class="oct-grid__cell oct-grid__cell--width-3 oct-grid__cell--small-6 oct-grid__cell--medium-small-4 oct-grid__cell--medium-4 oct-grid__cell--medium-large-4 oct-listers-hits__item hit oct-listers__item--with-inGrid" data-insights-position="29" data-insights-query-id="9e35482c34e960965eebfb9265ec00be" data-insights-object-id="3092193" data-productid="10360240.P"><div class="oct-teaser-wrapper oct-teaser-with-basket oct-teaser-with-basket--productTile oct-teaser-with-lister-basket oct-teaser--listers oct-teaser--listers-default"><div class="oct-teaser oct-teaser--theme-productTile oct-teaser--border" style="text-align: left;"><div class="oct-teaser__promotion-offer-roundel-wrapper"><div class="oct-teaser__promotion-offer-roundel-item oct-teaser__promotion-offer-roundel-item--offer" aria-label="Item on offer" role="img">Offer</div></div><div class="oct-add-to-favorites" tabindex="0" role="checkbox" aria-checked="false" aria-label="Add item to favourites"><span class="oct-add-to-favorites__icon"></span></div><div class="oct-teaser__contents oct-teaser__contents--only-foreground-image"><div class="oct-teaser__contents-panel oct-teaser__contents-panel"><div class="oct-teaser__contents-panel--main-content"><div><img src="data:image/svg+xml;base64,PHN2ZyB4bWxucz0iaHR0cDovL3d3dy53My5vcmcvMjAwMC9zdmciIHdpZHRoPSIzMjUiIGhlaWdodD0iMzI1Ij48cmVjdCB3aWR0aD0iMTAwJSIgaGVpZ2h0PSIxMDAlIiBzdHlsZT0iZmlsbDojZjJmMmYyIi8+PC9zdmc+" alt="test" class="oct-image oct-teaser__contents-panel__logo oct-teaser__contents-panel__logo--small oct-image--lazy" data-testid="lazy-image" decoding="async" loading="lazy"></div><a href="https://www.boots.com/cerave-intensive-moisturising-lotion-for-very-dry-itchy-skin-236ml-10360240" class="oct-link oct-link--theme-text oct-color--boots-blue oct-teaser__title-link" aria-label="" title="CeraVe Intensive Moisturising Lotion for Very Dry, Itchy Skin 236ml"><h3 class="oct-text oct-text--standard oct-text--size_m oct-aem-text oct-aem-text--h3--variant-1 oct-teaser__subtitle" data-testid="text">none</h3><div><h3 class="oct-text oct-text--standard oct-text--size_m oct-aem-text oct-aem-text--h3--variant-2 oct-teaser__title oct-teaser-with-listers" data-testid="text">CeraVe Intensive Moisturising Lotion for Very Dry, Itchy Skin 236ml</h3></div></a><div class="oct-reviews__reviews-container" aria-label=""><div class="oct-reviews"><div class="oct-reviews__icons" data-testid="reviews__icons"><span><svg xmlns="http://www.w3.org/2000/svg" width="10" height="20" viewBox="0 0 10 20" class="oct-icon" aria-hidden="true" aria-label="" style="height: 14px; width: auto; fill: rgb(255, 204, 0);"><g clip-path="url(#3b8wbmf19a)" transform="translate(-202 -2221)"><g clip-path="url(#n79ah32ilb)" transform="translate(202 2221)"><g clip-path="url(#h1bi9j7dcc)" transform="translate(1.25 2.5)"><path stroke="#767676" stroke-miterlimit="5" d="m8.75 12.188-5.143 2.51.982-5.318L.43 5.614l5.75-.776L8.75 0l2.572 4.838 5.75.776L12.91 9.38l.982 5.318-5.143-2.51z"></path></g></g></g></svg><svg xmlns="http://www.w3.org/2000/svg" width="10" height="20" viewBox="0 0 10 20" class="oct-icon" aria-hidden="true" aria-label="" style="height: 14px; width: auto; fill: rgb(255, 204, 0);"><g clip-path="url(#7gjj25igta)" transform="translate(-232 -2221)"><g clip-path="url(#dvqif6313b)" transform="translate(232 2221)"><g clip-path="url(#6r7ozri4zc)" transform="translate(-8.75 2.5)"><path stroke="#767676" stroke-miterlimit="5" d="m8.75 12.188-5.143 2.51.982-5.318L.43 5.614l5.75-.776L8.75 0l2.572 4.838 5.75.776L12.91 9.38l.982 5.318-5.143-2.51z"></path></g></g></g></svg></span><span><svg xmlns="http://www.w3.org/2000/svg" width="10" height="20" viewBox="0 0 10 20" class="oct-icon" aria-hidden="true" aria-label="" style="height: 14px; width: auto; fill: rgb(255, 204, 0);"><g clip-path="url(#3b8wbmf19a)" transform="translate(-202 -2221)"><g clip-path="url(#n79ah32ilb)" transform="translate(202 2221)"><g clip-path="url(#h1bi9j7dcc)" transform="translate(1.25 2.5)"><path stroke="#767676" stroke-miterlimit="5" d="m8.75 12.188-5.143 2.51.982-5.318L.43 5.614l5.75-.776L8.75 0l2.572 4.838 5.75.776L12.91 9.38l.982 5.318-5.143-2.51z"></path></g></g></g></svg><svg xmlns="http://www.w3.org/2000/svg" width="10" height="20" viewBox="0 0 10 20" class="oct-icon" aria-hidden="true" aria-label="" style="height: 14px; width: auto; fill: rgb(255, 204, 0);"><g clip-path="url(#7gjj25igta)" transform="translate(-232 -2221)"><g clip-path="url(#dvqif6313b)" transform="translate(232 2221)"><g clip-path="url(#6r7ozri4zc)" transform="translate(-8.75 2.5)"><path stroke="#767676" stroke-miterlimit="5" d="m8.75 12.188-5.143 2.51.982-5.318L.43 5.614l5.75-.776L8.75 0l2.572 4.838 5.75.776L12.91 9.38l.982 5.318-5.143-2.51z"></path></g></g></g></svg></span><span><svg xmlns="http://www.w3.org/2000/svg" width="10" height="20" viewBox="0 0 10 20" class="oct-icon" aria-hidden="true" aria-label="" style="height: 14px; width: auto; fill: rgb(255, 204, 0);"><g clip-path="url(#3b8wbmf19a)" transform="translate(-202 -2221)"><g clip-path="url(#n79ah32ilb)" transform="translate(202 2221)"><g clip-path="url(#h1bi9j7dcc)" transform="translate(1.25 2.5)"><path stroke="#767676" stroke-miterlimit="5" d="m8.75 12.188-5.143 2.51.982-5.318L.43 5.614l5.75-.776L8.75 0l2.572 4.838 5.75.776L12.91 9.38l.982 5.318-5.143-2.51z"></path></g></g></g></svg><svg xmlns="http://www.w3.org/2000/svg" width="10" height="20" viewBox="0 0 10 20" class="oct-icon" aria-hidden="true" aria-label="" style="height: 14px; width: auto; fill: rgb(255, 204, 0);"><g clip-path="url(#7gjj25igta)" transform="translate(-232 -2221)"><g clip-path="url(#dvqif6313b)" transform="translate(232 2221)"><g clip-path="url(#6r7ozri4zc)" transform="translate(-8.75 2.5)"><path stroke="#767676" stroke-miterlimit="5" d="m8.75 12.188-5.143 2.51.982-5.318L.43 5.614l5.75-.776L8.75 0l2.572 4.838 5.75.776L12.91 9.38l.982 5.318-5.143-2.51z"></path></g></g></g></svg></span><span><svg xmlns="http://www.w3.org/2000/svg" width="10" height="20" viewBox="0 0 10 20" class="oct-icon" aria-hidden="true" aria-label="" style="height: 14px; width: auto; fill: rgb(255, 204, 0);"><g clip-path="url(#3b8wbmf19a)" transform="translate(-202 -2221)"><g clip-path="url(#n79ah32ilb)" transform="translate(202 2221)"><g clip-path="url(#h1bi9j7dcc)" transform="translate(1.25 2.5)"><path stroke="#767676" stroke-miterlimit="5" d="m8.75 12.188-5.143 2.51.982-5.318L.43 5.614l5.75-.776L8.75 0l2.572 4.838 5.75.776L12.91 9.38l.982 5.318-5.143-2.51z"></path></g></g></g></svg><svg xmlns="http://www.w3.org/2000/svg" width="10" height="20" viewBox="0 0 10 20" class="oct-icon" aria-hidden="true" aria-label="" style="height: 14px; width: auto; fill: rgb(255, 204, 0);"><g clip-path="url(#7gjj25igta)" transform="translate(-232 -2221)"><g clip-path="url(#dvqif6313b)" transform="translate(232 2221)"><g clip-path="url(#6r7ozri4zc)" transform="translate(-8.75 2.5)"><path stroke="#767676" stroke-miterlimit="5" d="m8.75 12.188-5.143 2.51.982-5.318L.43 5.614l5.75-.776L8.75 0l2.572 4.838 5.75.776L12.91 9.38l.982 5.318-5.143-2.51z"></path></g></g></g></svg></span><span><svg xmlns="http://www.w3.org/2000/svg" width="10" height="20" viewBox="0 0 10 20" class="oct-icon" aria-hidden="true" aria-label="" style="height: 14px; width: auto; fill: rgb(255, 204, 0);"><g clip-path="url(#3b8wbmf19a)" transform="translate(-202 -2221)"><g clip-path="url(#n79ah32ilb)" transform="translate(202 2221)"><g clip-path="url(#h1bi9j7dcc)" transform="translate(1.25 2.5)"><path stroke="#767676" stroke-miterlimit="5" d="m8.75 12.188-5.143 2.51.982-5.318L.43 5.614l5.75-.776L8.75 0l2.572 4.838 5.75.776L12.91 9.38l.982 5.318-5.143-2.51z"></path></g></g></g></svg><svg xmlns="http://www.w3.org/2000/svg" width="10" height="20" viewBox="0 0 10 20" class="oct-icon" aria-hidden="true" aria-label="" style="height: 14px; width: auto; fill: rgb(255, 204, 0);"><g clip-path="url(#7gjj25igta)" transform="translate(-232 -2221)"><g clip-path="url(#dvqif6313b)" transform="translate(232 2221)"><g clip-path="url(#6r7ozri4zc)" transform="translate(-8.75 2.5)"><path stroke="#767676" stroke-miterlimit="5" d="m8.75 12.188-5.143 2.51.982-5.318L.43 5.614l5.75-.776L8.75 0l2.572 4.838 5.75.776L12.91 9.38l.982 5.318-5.143-2.51z"></path></g></g></g></svg></span></div><div class="oct-reviews__optionalText"><a href="https://www.boots.com/cerave-intensive-moisturising-lotion-for-very-dry-itchy-skin-236ml-10360240#BVRRContainer" class="oct-link oct-link--theme-text oct-color--boots-blue oct-reviews__count" aria-label="5 stars out of 5. 1 reviews"><span class="oct-reviews__optionalTextCount">(1)</span></a></div></div></div><div class="oct-teaser__offer__container" aria-label=""><div class="oct-teaser__wrap"><button data-testid="button" class="oct-button oct-button--ellipses oct-button--cta oct-button--cta-default oct-button--cta-default-responsive oct-teaser__offer oct-teaser__offer--isAvailable oct-button--cta-custom" aria-label="Save an extra 10 percent on selected La Roche-Posay, CeraVe and Vichy with code DERM10 - online only"><div class="oct-button__content">Save an extra 10 percent on selected La Roche-Posay, CeraVe and Vichy with code DERM10 - online only</div></button></div></div><div class="oct-teaser__price-wrapper oct-teaser__price-wrapper--saving oct-teaser__price-wrapper--current"><div class="oct-teaser__price-col1-wrapper"><p class="oct-text oct-text--standard oct-text--size_m oct-aem-text oct-aem-text--p--variant-subtext oct-teaser__productPrice" data-testid="text">£11.25</p><div class="oct-teaser__product-price-wrapper"><p class="oct-text oct-text--standard oct-text--size_m oct-aem-text oct-aem-text--p--variant-subtext oct-teaser__productPriceSave" data-testid="text">Save £3.75</p></div><p class="oct-text oct-text--standard oct-text--size_m oct-aem-text oct-aem-text--p--variant-subtext oct-teaser__productPriceWas" data-testid="text">Was £15.00</p></div></div><div class="oct-teaser__price-detail-wrapper"><p class="oct-text oct-text--standard oct-text--size_m oct-aem-text oct-aem-text--p--variant-subtext oct-teaser__productPriceDetail" data-testid="text">236ML | £4.77 per 100ML</p></div></div><div class="oct-teaser__calls-to-action oct-teaser__calls-to-action--two oct-teaser__calls-to-action--left"></div></div></div><div class="oct-teaser__foreground"><a href="https://www.boots.com/cerave-intensive-moisturising-lotion-for-very-dry-itchy-skin-236ml-10360240" class="oct-link oct-link--theme-text oct-color--boots-blue oct-teaser-wrapper-link" tabindex="-1" aria-hidden="true" data-promo-creative="25% teaser" data-promo-position=""><div class="oct-image-link-wrapper"><img src="https://boots.scene7.com/is/image/Boots/10360240?op_sharpen=1" alt="Foreground image" class="oct-image oct-image--lazy" data-testid="lazy-image" decoding="async" loading="lazy"></div></a></div><div class="oct-teaser__calls-to-action oct-add-to-basket-callToAction oct-add-to-basket-callToAction--with-lister-basket"><div class="oct-add-to-basket"><div class="oct-input__iconContainer"><div></div><input type="hidden" class="oct-input" id="cmProductName_3092192" autocomplete="off" value="CeraVe Intensive Moisturising Lotion for Very Dry, Itchy Skin 236ml (10360240.P)" style=""></div><div class="oct-input__iconContainer"><div></div><input type="hidden" class="oct-input" id="catalogEntry_ID" name="catalogEntry_ID" autocomplete="off" value="3092192" style=""></div><div class="oct-input__iconContainer"><div></div><input type="hidden" class="oct-input" id="dlProductId_3092192" name="dlProductId_3092192" autocomplete="off" value="10360240.P" style=""></div><div class="oct-input__iconContainer"><div></div><input type="hidden" class="oct-input" id="dlProductName_3092192" name="dlProductName_3092192" autocomplete="off" value="CeraVe Intensive Moisturising Lotion for Very Dry, Itchy Skin 236ml" style=""></div><div class="oct-input__iconContainer"><div></div><input type="hidden" class="oct-input" id="dlParentCatentryID_10360240.P" name="dlParentCatentryID_10360240.P" autocomplete="off" value="3092192" style=""></div><div class="oct-input__iconContainer"><div></div><input type="hidden" class="oct-input" id="dlPackagePartNumber_3092192" name="dlPackagePartNumber_3092192" autocomplete="off" value="" style=""></div><div class="oct-add-to-basket__product_info-container"><div class="oct-add-to-basket__product_add noQuickBuy"><div class="oct-add-to-basket__quickBuySLPContainer quickBuySLPContainer"></div><div class="oct-add-to-basket__shopperActions shopperActions oct-add-to-basket__plp_shopperActions_redesign plp_shopperActions_redesign" id="shopperActionsRedesign3092192"><p class="oct-text oct-text--standard oct-text--size_m oct-aem-text oct-aem-text--p--variant-1 oct-add-to-basket__qty-errorMax qty_errorMax" data-testid="text" id="quantity_msg_3092192">Maximum quantity reached</p><div class="oct-add-to-basket__quantity-section quantity_section quantity_section_redesign" id="quantity_section_3092192"><button data-testid="button" class="oct-button oct-button--ellipses oct-button--cta oct-button--cta-default oct-button--cta-default-primaryTransparent oct-button--cta-default-responsive oct-aem-cta oct-add-to-basket__minus-quantity plus_quantity_disabled minus_quantity_redesign plus_quantity_disabled_redesign control-buttons oct-button--cta-midnight-blue-primary" to="" id="desreseQty_3092192" aria-label="Decrease Quantity CeraVe Intensive Moisturising Lotion for Very Dry, Itchy Skin 236ml" aria-hidden="false" data-icon="–"><div class="oct-button__content"></div></button><div class="oct-input__iconContainer"><div></div><input type="text" class="oct-input oct-add-to-basket__quantity-input quantity_input quantity_input_redesign" aria-label="quantity" name="quantity_$3092192" id="quantity_3092192" readonly="" maxlength="2" tabindex="-1" value="1" style=""></div><button data-testid="button" class="oct-button oct-button--ellipses oct-button--cta oct-button--cta-default oct-button--cta-default-primaryTransparent oct-button--cta-default-responsive oct-aem-cta oct-add-to-basket__plus-quantity plus_quantity plus_quantity_redesign control-buttons oct-button--cta-midnight-blue-primary" to="" id="increseQty_3092192" aria-label="Increase Quantity CeraVe Intensive Moisturising Lotion for Very Dry, Itchy Skin 236ml" aria-hidden="false" data-icon="+"><div class="oct-button__content"></div></button><div class="oct-add-to-basket__quantity-label quantity_label">in your basket</div></div><div class="oct-input__iconContainer"><div></div><input type="hidden" class="oct-input" name="freeGiftId_3092192" id="freeGiftId_3092192" value="" style=""></div><button data-testid="button" class="oct-button oct-button--ellipses oct-button--cta oct-button--cta-default oct-button--cta-default-primaryTransparent oct-button--cta-default-responsive oct-aem-cta oct-add-to-basket_button oct-button--cta-midnight-blue-primary" to="" id="add2CartBtn_3092192" eeindex="2" data-shop5="" aria-label="Add CeraVe Intensive Moisturising Lotion for Very Dry, Itchy Skin 236ml to basket"><div class="oct-button__content"><span class="oct-add-to-basket_button_text button_text button_text_redesign">Add to basket</span></div></button><div class="oct-input__iconContainer"><div></div><input type="hidden" class="oct-input" id="lister_orderItemId_3092192" name="lister_orderItemId" value="" style=""></div><div class="oct-input__iconContainer"><div></div><input type="hidden" class="oct-input" id="lister_orderItemQty_3092192" name="lister_orderItemId" value="0" style=""></div><div class="oct-add-to-basket--overlay" data-testid="oct-add-to-basket"><div class="oct-add-to-basket__overlay-popup oct-overlay-popup" id="basket_confirmation_popup_overlay"></div><div id="basket_confirmation_overlay_3092192" class="oct-add-to-basket__overlay-popup__dialog" style="display: none;"><div class="oct-add-to-basket__overlay-focus" role="dialog" aria-labelledby="3092192-dialog-message"><p class="oct-text oct-text--standard oct-text--size_m oct-aem-text oct-aem-text--p--variant-1 oct-add-to-basket__text" data-testid="text" id="3092192-dialog-message">Are you sure you want to remove this product?</p><a class="oct-link oct-link--theme-text oct-color--boots-blue oct-add-to-basket__close-btn" tabindex="0" title="Close overlay" role="button" aria-label="Close overlay">x</a><div class="row"><button data-testid="button" class="oct-button oct-button--default oct-button--default-default oct-button--default-default-responsive oct-add-to-basket__button-secondary oct-add-to-basket__button button" role="button"><div class="oct-button__content">Yes</div></button><button data-testid="button" class="oct-button oct-button--default oct-button--default-default oct-button--default-default-responsive oct-add-to-basket__button-tertiary oct-add-to-basket__button button" role="button"><div class="oct-button__content">No</div></button></div></div></div></div></div></div></div><div id="entitledItem_3092192" style="display: none;">[ { "catentry_id" : 3092193, "Attributes" : { }, "ItemImage" :
          "/wcsstore/eBootsStorefrontAssetStore/images/NoImageIcon.jpg",
          "ItemImage467" :
          "/wcsstore/eBootsStorefrontAssetStore/images/NoImageIcon.jpg",
          "ItemThumbnailImage" :
          "/wcsstore/eBootsStorefrontAssetStore/images/NoImageIcon_sm.jpg" } ]</div></div></div></div></div></div><div data-testid="cell" class="oct-grid__cell oct-grid__cell--width-3 oct-grid__cell--small-6 oct-grid__cell--medium-small-4 oct-grid__cell--medium-4 oct-grid__cell--medium-large-4 oct-listers-hits__item hit oct-listers__item--with-inGrid" data-insights-position="30" data-insights-query-id="9e35482c34e960965eebfb9265ec00be" data-insights-object-id="3010297" data-productid="10349301.P"><div class="oct-teaser-wrapper oct-teaser-with-basket oct-teaser-with-basket--productTile oct-teaser-with-lister-basket oct-teaser--listers oct-teaser--listers-default"><div class="oct-teaser oct-teaser--theme-productTile oct-teaser--border" style="text-align: left;"><div class="oct-teaser__promotion-offer-roundel-wrapper"><div class="oct-teaser__promotion-offer-roundel-item oct-teaser__promotion-offer-roundel-item--offer" aria-label="Item on offer" role="img">Offer</div></div><div class="oct-add-to-favorites" tabindex="0" role="checkbox" aria-checked="false" aria-label="Add item to favourites"><span class="oct-add-to-favorites__icon"></span></div><div class="oct-teaser__contents oct-teaser__contents--only-foreground-image"><div class="oct-teaser__contents-panel oct-teaser__contents-panel"><div class="oct-teaser__contents-panel--main-content"><div><img src="data:image/svg+xml;base64,PHN2ZyB4bWxucz0iaHR0cDovL3d3dy53My5vcmcvMjAwMC9zdmciIHdpZHRoPSIzMjUiIGhlaWdodD0iMzI1Ij48cmVjdCB3aWR0aD0iMTAwJSIgaGVpZ2h0PSIxMDAlIiBzdHlsZT0iZmlsbDojZjJmMmYyIi8+PC9zdmc+" alt="test" class="oct-image oct-teaser__contents-panel__logo oct-teaser__contents-panel__logo--small oct-image--lazy" data-testid="lazy-image" decoding="async" loading="lazy"></div><a href="https://www.boots.com/supergoop-glowscreen-spf-30-sunrise-50ml-10349301" class="oct-link oct-link--theme-text oct-color--boots-blue oct-teaser__title-link" aria-label="" title="Supergoop! Glowscreen™ SPF 30 Sunrise 50ml"><h3 class="oct-text oct-text--standard oct-text--size_m oct-aem-text oct-aem-text--h3--variant-1 oct-teaser__subtitle" data-testid="text">none</h3><div><h3 class="oct-text oct-text--standard oct-text--size_m oct-aem-text oct-aem-text--h3--variant-2 oct-teaser__title oct-teaser-with-listers" data-testid="text">Supergoop! Glowscreen™ SPF 30 Sunrise 50ml</h3></div></a><div class="oct-reviews__reviews-container" aria-label=""><div class="oct-reviews"><div class="oct-reviews__icons" data-testid="reviews__icons"><span><svg xmlns="http://www.w3.org/2000/svg" width="10" height="20" viewBox="0 0 10 20" class="oct-icon" aria-hidden="true" aria-label="" style="height: 14px; width: auto; fill: rgb(255, 204, 0);"><g clip-path="url(#3b8wbmf19a)" transform="translate(-202 -2221)"><g clip-path="url(#n79ah32ilb)" transform="translate(202 2221)"><g clip-path="url(#h1bi9j7dcc)" transform="translate(1.25 2.5)"><path stroke="#767676" stroke-miterlimit="5" d="m8.75 12.188-5.143 2.51.982-5.318L.43 5.614l5.75-.776L8.75 0l2.572 4.838 5.75.776L12.91 9.38l.982 5.318-5.143-2.51z"></path></g></g></g></svg><svg xmlns="http://www.w3.org/2000/svg" width="10" height="20" viewBox="0 0 10 20" class="oct-icon" aria-hidden="true" aria-label="" style="height: 14px; width: auto; fill: rgb(255, 204, 0);"><g clip-path="url(#7gjj25igta)" transform="translate(-232 -2221)"><g clip-path="url(#dvqif6313b)" transform="translate(232 2221)"><g clip-path="url(#6r7ozri4zc)" transform="translate(-8.75 2.5)"><path stroke="#767676" stroke-miterlimit="5" d="m8.75 12.188-5.143 2.51.982-5.318L.43 5.614l5.75-.776L8.75 0l2.572 4.838 5.75.776L12.91 9.38l.982 5.318-5.143-2.51z"></path></g></g></g></svg></span><span><svg xmlns="http://www.w3.org/2000/svg" width="10" height="20" viewBox="0 0 10 20" class="oct-icon" aria-hidden="true" aria-label="" style="height: 14px; width: auto; fill: rgb(255, 204, 0);"><g clip-path="url(#3b8wbmf19a)" transform="translate(-202 -2221)"><g clip-path="url(#n79ah32ilb)" transform="translate(202 2221)"><g clip-path="url(#h1bi9j7dcc)" transform="translate(1.25 2.5)"><path stroke="#767676" stroke-miterlimit="5" d="m8.75 12.188-5.143 2.51.982-5.318L.43 5.614l5.75-.776L8.75 0l2.572 4.838 5.75.776L12.91 9.38l.982 5.318-5.143-2.51z"></path></g></g></g></svg><svg xmlns="http://www.w3.org/2000/svg" width="10" height="20" viewBox="0 0 10 20" class="oct-icon" aria-hidden="true" aria-label="" style="height: 14px; width: auto; fill: rgb(255, 204, 0);"><g clip-path="url(#7gjj25igta)" transform="translate(-232 -2221)"><g clip-path="url(#dvqif6313b)" transform="translate(232 2221)"><g clip-path="url(#6r7ozri4zc)" transform="translate(-8.75 2.5)"><path stroke="#767676" stroke-miterlimit="5" d="m8.75 12.188-5.143 2.51.982-5.318L.43 5.614l5.75-.776L8.75 0l2.572 4.838 5.75.776L12.91 9.38l.982 5.318-5.143-2.51z"></path></g></g></g></svg></span><span><svg xmlns="http://www.w3.org/2000/svg" width="10" height="20" viewBox="0 0 10 20" class="oct-icon" aria-hidden="true" aria-label="" style="height: 14px; width: auto; fill: rgb(255, 204, 0);"><g clip-path="url(#3b8wbmf19a)" transform="translate(-202 -2221)"><g clip-path="url(#n79ah32ilb)" transform="translate(202 2221)"><g clip-path="url(#h1bi9j7dcc)" transform="translate(1.25 2.5)"><path stroke="#767676" stroke-miterlimit="5" d="m8.75 12.188-5.143 2.51.982-5.318L.43 5.614l5.75-.776L8.75 0l2.572 4.838 5.75.776L12.91 9.38l.982 5.318-5.143-2.51z"></path></g></g></g></svg><svg xmlns="http://www.w3.org/2000/svg" width="10" height="20" viewBox="0 0 10 20" class="oct-icon" aria-hidden="true" aria-label="" style="height: 14px; width: auto; fill: rgb(255, 204, 0);"><g clip-path="url(#7gjj25igta)" transform="translate(-232 -2221)"><g clip-path="url(#dvqif6313b)" transform="translate(232 2221)"><g clip-path="url(#6r7ozri4zc)" transform="translate(-8.75 2.5)"><path stroke="#767676" stroke-miterlimit="5" d="m8.75 12.188-5.143 2.51.982-5.318L.43 5.614l5.75-.776L8.75 0l2.572 4.838 5.75.776L12.91 9.38l.982 5.318-5.143-2.51z"></path></g></g></g></svg></span><span><svg xmlns="http://www.w3.org/2000/svg" width="10" height="20" viewBox="0 0 10 20" class="oct-icon" aria-hidden="true" aria-label="" style="height: 14px; width: auto; fill: rgb(255, 204, 0);"><g clip-path="url(#3b8wbmf19a)" transform="translate(-202 -2221)"><g clip-path="url(#n79ah32ilb)" transform="translate(202 2221)"><g clip-path="url(#h1bi9j7dcc)" transform="translate(1.25 2.5)"><path stroke="#767676" stroke-miterlimit="5" d="m8.75 12.188-5.143 2.51.982-5.318L.43 5.614l5.75-.776L8.75 0l2.572 4.838 5.75.776L12.91 9.38l.982 5.318-5.143-2.51z"></path></g></g></g></svg><svg xmlns="http://www.w3.org/2000/svg" width="10" height="20" viewBox="0 0 10 20" class="oct-icon" aria-hidden="true" aria-label="" style="height: 14px; width: auto; fill: rgb(255, 204, 0);"><g clip-path="url(#7gjj25igta)" transform="translate(-232 -2221)"><g clip-path="url(#dvqif6313b)" transform="translate(232 2221)"><g clip-path="url(#6r7ozri4zc)" transform="translate(-8.75 2.5)"><path stroke="#767676" stroke-miterlimit="5" d="m8.75 12.188-5.143 2.51.982-5.318L.43 5.614l5.75-.776L8.75 0l2.572 4.838 5.75.776L12.91 9.38l.982 5.318-5.143-2.51z"></path></g></g></g></svg></span><span><svg xmlns="http://www.w3.org/2000/svg" width="10" height="20" viewBox="0 0 10 20" class="oct-icon" aria-hidden="true" aria-label="" style="height: 14px; width: auto; fill: rgb(255, 204, 0);"><g clip-path="url(#3b8wbmf19a)" transform="translate(-202 -2221)"><g clip-path="url(#n79ah32ilb)" transform="translate(202 2221)"><g clip-path="url(#h1bi9j7dcc)" transform="translate(1.25 2.5)"><path stroke="#767676" stroke-miterlimit="5" d="m8.75 12.188-5.143 2.51.982-5.318L.43 5.614l5.75-.776L8.75 0l2.572 4.838 5.75.776L12.91 9.38l.982 5.318-5.143-2.51z"></path></g></g></g></svg><svg xmlns="http://www.w3.org/2000/svg" width="10" height="20" viewBox="0 0 10 20" class="oct-icon" aria-hidden="true" aria-label="" style="height: 14px; width: auto; fill: rgb(255, 204, 0);"><g clip-path="url(#7gjj25igta)" transform="translate(-232 -2221)"><g clip-path="url(#dvqif6313b)" transform="translate(232 2221)"><g clip-path="url(#6r7ozri4zc)" transform="translate(-8.75 2.5)"><path stroke="#767676" stroke-miterlimit="5" d="m8.75 12.188-5.143 2.51.982-5.318L.43 5.614l5.75-.776L8.75 0l2.572 4.838 5.75.776L12.91 9.38l.982 5.318-5.143-2.51z"></path></g></g></g></svg></span></div><div class="oct-reviews__optionalText"><a href="https://www.boots.com/supergoop-glowscreen-spf-30-sunrise-50ml-10349301#BVRRContainer" class="oct-link oct-link--theme-text oct-color--boots-blue oct-reviews__count" aria-label="5 stars out of 5. 1 reviews"><span class="oct-reviews__optionalTextCount">(1)</span></a></div></div></div><div class="oct-teaser__offer__container" aria-label=""><div class="oct-teaser__wrap"><button data-testid="button" class="oct-button oct-button--ellipses oct-button--cta oct-button--cta-default oct-button--cta-default-responsive oct-teaser__offer oct-teaser__offer--isAvailable oct-button--cta-custom" aria-label="Save up to 25 percent on selected Premium Beauty"><div class="oct-button__content">Save up to 25 percent on selected Premium Beauty</div></button></div></div><div class="oct-teaser__price-wrapper oct-teaser__price-wrapper--saving oct-teaser__price-wrapper--current"><div class="oct-teaser__price-col1-wrapper"><p class="oct-text oct-text--standard oct-text--size_m oct-aem-text oct-aem-text--p--variant-subtext oct-teaser__productPrice" data-testid="text">£31.02</p><div class="oct-teaser__product-price-wrapper"><p class="oct-text oct-text--standard oct-text--size_m oct-aem-text oct-aem-text--p--variant-subtext oct-teaser__productPriceSave" data-testid="text">Save £5.48</p></div><p class="oct-text oct-text--standard oct-text--size_m oct-aem-text oct-aem-text--p--variant-subtext oct-teaser__productPriceWas" data-testid="text">Was £36.50</p></div></div><div class="oct-teaser__price-detail-wrapper"><p class="oct-text oct-text--standard oct-text--size_m oct-aem-text oct-aem-text--p--variant-subtext oct-teaser__productPriceDetail" data-testid="text">50ML | £62.04 per 100ML</p></div></div><div class="oct-teaser__calls-to-action oct-teaser__calls-to-action--two oct-teaser__calls-to-action--left"></div></div></div><div class="oct-teaser__foreground"><a href="https://www.boots.com/supergoop-glowscreen-spf-30-sunrise-50ml-10349301" class="oct-link oct-link--theme-text oct-color--boots-blue oct-teaser-wrapper-link" tabindex="-1" aria-hidden="true" data-promo-creative="25% teaser" data-promo-position=""><div class="oct-image-link-wrapper"><img src="https://boots.scene7.com/is/image/Boots/10349301?op_sharpen=1" alt="Foreground image" class="oct-image oct-image--lazy" data-testid="lazy-image" decoding="async" loading="lazy"></div></a></div><div class="oct-teaser__calls-to-action oct-add-to-basket-callToAction oct-add-to-basket-callToAction--with-lister-basket"><div class="oct-add-to-basket"><div class="oct-input__iconContainer"><div></div><input type="hidden" class="oct-input" id="cmProductName_3010296" autocomplete="off" value="Supergoop! Glowscreen™ SPF 30 Sunrise 50ml (10349301.P)" style=""></div><div class="oct-input__iconContainer"><div></div><input type="hidden" class="oct-input" id="catalogEntry_ID" name="catalogEntry_ID" autocomplete="off" value="3010296" style=""></div><div class="oct-input__iconContainer"><div></div><input type="hidden" class="oct-input" id="dlProductId_3010296" name="dlProductId_3010296" autocomplete="off" value="10349301.P" style=""></div><div class="oct-input__iconContainer"><div></div><input type="hidden" class="oct-input" id="dlProductName_3010296" name="dlProductName_3010296" autocomplete="off" value="Supergoop! Glowscreen™ SPF 30 Sunrise 50ml" style=""></div><div class="oct-input__iconContainer"><div></div><input type="hidden" class="oct-input" id="dlParentCatentryID_10349301.P" name="dlParentCatentryID_10349301.P" autocomplete="off" value="3010296" style=""></div><div class="oct-input__iconContainer"><div></div><input type="hidden" class="oct-input" id="dlPackagePartNumber_3010296" name="dlPackagePartNumber_3010296" autocomplete="off" value="" style=""></div><div class="oct-add-to-basket__product_info-container"><div class="oct-add-to-basket__product_add noQuickBuy"><div class="oct-add-to-basket__quickBuySLPContainer quickBuySLPContainer"></div><div class="oct-add-to-basket__shopperActions shopperActions oct-add-to-basket__plp_shopperActions_redesign plp_shopperActions_redesign" id="shopperActionsRedesign3010296"><p class="oct-text oct-text--standard oct-text--size_m oct-aem-text oct-aem-text--p--variant-1 oct-add-to-basket__qty-errorMax qty_errorMax" data-testid="text" id="quantity_msg_3010296">Maximum quantity reached</p><div class="oct-add-to-basket__quantity-section quantity_section quantity_section_redesign" id="quantity_section_3010296"><button data-testid="button" class="oct-button oct-button--ellipses oct-button--cta oct-button--cta-default oct-button--cta-default-primaryTransparent oct-button--cta-default-responsive oct-aem-cta oct-add-to-basket__minus-quantity plus_quantity_disabled minus_quantity_redesign plus_quantity_disabled_redesign control-buttons oct-button--cta-midnight-blue-primary" to="" id="desreseQty_3010296" aria-label="Decrease Quantity Supergoop! Glowscreen™ SPF 30 Sunrise 50ml" aria-hidden="false" data-icon="–"><div class="oct-button__content"></div></button><div class="oct-input__iconContainer"><div></div><input type="text" class="oct-input oct-add-to-basket__quantity-input quantity_input quantity_input_redesign" aria-label="quantity" name="quantity_$3010296" id="quantity_3010296" readonly="" maxlength="2" tabindex="-1" value="1" style=""></div><button data-testid="button" class="oct-button oct-button--ellipses oct-button--cta oct-button--cta-default oct-button--cta-default-primaryTransparent oct-button--cta-default-responsive oct-aem-cta oct-add-to-basket__plus-quantity plus_quantity plus_quantity_redesign control-buttons oct-button--cta-midnight-blue-primary" to="" id="increseQty_3010296" aria-label="Increase Quantity Supergoop! Glowscreen™ SPF 30 Sunrise 50ml" aria-hidden="false" data-icon="+"><div class="oct-button__content"></div></button><div class="oct-add-to-basket__quantity-label quantity_label">in your basket</div></div><div class="oct-input__iconContainer"><div></div><input type="hidden" class="oct-input" name="freeGiftId_3010296" id="freeGiftId_3010296" value="" style=""></div><button data-testid="button" class="oct-button oct-button--ellipses oct-button--cta oct-button--cta-default oct-button--cta-default-primaryTransparent oct-button--cta-default-responsive oct-aem-cta oct-add-to-basket_button oct-button--cta-midnight-blue-primary" to="" id="add2CartBtn_3010296" eeindex="2" data-shop5="" aria-label="Add Supergoop! Glowscreen™ SPF 30 Sunrise 50ml to basket"><div class="oct-button__content"><span class="oct-add-to-basket_button_text button_text button_text_redesign">Add to basket</span></div></button><div class="oct-input__iconContainer"><div></div><input type="hidden" class="oct-input" id="lister_orderItemId_3010296" name="lister_orderItemId" value="" style=""></div><div class="oct-input__iconContainer"><div></div><input type="hidden" class="oct-input" id="lister_orderItemQty_3010296" name="lister_orderItemId" value="0" style=""></div><div class="oct-add-to-basket--overlay" data-testid="oct-add-to-basket"><div class="oct-add-to-basket__overlay-popup oct-overlay-popup" id="basket_confirmation_popup_overlay"></div><div id="basket_confirmation_overlay_3010296" class="oct-add-to-basket__overlay-popup__dialog" style="display: none;"><div class="oct-add-to-basket__overlay-focus" role="dialog" aria-labelledby="3010296-dialog-message"><p class="oct-text oct-text--standard oct-text--size_m oct-aem-text oct-aem-text--p--variant-1 oct-add-to-basket__text" data-testid="text" id="3010296-dialog-message">Are you sure you want to remove this product?</p><a class="oct-link oct-link--theme-text oct-color--boots-blue oct-add-to-basket__close-btn" tabindex="0" title="Close overlay" role="button" aria-label="Close overlay">x</a><div class="row"><button data-testid="button" class="oct-button oct-button--default oct-button--default-default oct-button--default-default-responsive oct-add-to-basket__button-secondary oct-add-to-basket__button button" role="button"><div class="oct-button__content">Yes</div></button><button data-testid="button" class="oct-button oct-button--default oct-button--default-default oct-button--default-default-responsive oct-add-to-basket__button-tertiary oct-add-to-basket__button button" role="button"><div class="oct-button__content">No</div></button></div></div></div></div></div></div></div><div id="entitledItem_3010296" style="display: none;">[ { "catentry_id" : 3010297, "Attributes" : { }, "ItemImage" :
          "/wcsstore/eBootsStorefrontAssetStore/images/NoImageIcon.jpg",
          "ItemImage467" :
          "/wcsstore/eBootsStorefrontAssetStore/images/NoImageIcon.jpg",
          "ItemThumbnailImage" :
          "/wcsstore/eBootsStorefrontAssetStore/images/NoImageIcon_sm.jpg" } ]</div></div></div></div></div></div><div data-testid="cell" class="oct-grid__cell oct-grid__cell--width-3 oct-grid__cell--small-6 oct-grid__cell--medium-small-4 oct-grid__cell--medium-4 oct-grid__cell--medium-large-4 oct-listers-hits__item hit oct-listers__item--with-inGrid" data-insights-position="31" data-insights-query-id="9e35482c34e960965eebfb9265ec00be" data-insights-object-id="2600151" data-productid="10301433.P"><div class="oct-teaser-wrapper oct-teaser-with-basket oct-teaser-with-basket--productTile oct-teaser-with-lister-basket oct-teaser--listers oct-teaser--listers-default"><div class="oct-teaser oct-teaser--theme-productTile oct-teaser--border" style="text-align: left;"><div class="oct-teaser__promotion-offer-roundel-wrapper"><div class="oct-teaser__promotion-offer-roundel-item oct-teaser__promotion-offer-roundel-item--offer" aria-label="Item on offer" role="img">Offer</div></div><div class="oct-add-to-favorites" tabindex="0" role="checkbox" aria-checked="false" aria-label="Add item to favourites"><span class="oct-add-to-favorites__icon"></span></div><div class="oct-teaser__contents oct-teaser__contents--only-foreground-image"><div class="oct-teaser__contents-panel oct-teaser__contents-panel"><div class="oct-teaser__contents-panel--main-content"><div><img src="data:image/svg+xml;base64,PHN2ZyB4bWxucz0iaHR0cDovL3d3dy53My5vcmcvMjAwMC9zdmciIHdpZHRoPSIzMjUiIGhlaWdodD0iMzI1Ij48cmVjdCB3aWR0aD0iMTAwJSIgaGVpZ2h0PSIxMDAlIiBzdHlsZT0iZmlsbDojZjJmMmYyIi8+PC9zdmc+" alt="test" class="oct-image oct-teaser__contents-panel__logo oct-teaser__contents-panel__logo--small oct-image--lazy" data-testid="lazy-image" decoding="async" loading="lazy"></div><a href="https://www.boots.com/soap-glory-strike-a-balance-5-niacinamide-tonic-200ml-10301433" class="oct-link oct-link--theme-text oct-color--boots-blue oct-teaser__title-link" aria-label="" title="Soap &amp; Glory™ Strike A Balance™ 5% Niacinamide Tonic 200ml"><h3 class="oct-text oct-text--standard oct-text--size_m oct-aem-text oct-aem-text--h3--variant-1 oct-teaser__subtitle" data-testid="text">none</h3><div><h3 class="oct-text oct-text--standard oct-text--size_m oct-aem-text oct-aem-text--h3--variant-2 oct-teaser__title oct-teaser-with-listers" data-testid="text">Soap &amp; Glory™ Strike A Balance™ 5% Niacinamide Tonic 200ml</h3></div></a><div class="oct-reviews__reviews-container" aria-label=""><div class="oct-reviews"><div class="oct-reviews__icons" data-testid="reviews__icons"><span><svg xmlns="http://www.w3.org/2000/svg" width="10" height="20" viewBox="0 0 10 20" class="oct-icon" aria-hidden="true" aria-label="" style="height: 14px; width: auto; fill: rgb(255, 204, 0);"><g clip-path="url(#3b8wbmf19a)" transform="translate(-202 -2221)"><g clip-path="url(#n79ah32ilb)" transform="translate(202 2221)"><g clip-path="url(#h1bi9j7dcc)" transform="translate(1.25 2.5)"><path stroke="#767676" stroke-miterlimit="5" d="m8.75 12.188-5.143 2.51.982-5.318L.43 5.614l5.75-.776L8.75 0l2.572 4.838 5.75.776L12.91 9.38l.982 5.318-5.143-2.51z"></path></g></g></g></svg><svg xmlns="http://www.w3.org/2000/svg" width="10" height="20" viewBox="0 0 10 20" class="oct-icon" aria-hidden="true" aria-label="" style="height: 14px; width: auto; fill: rgb(255, 204, 0);"><g clip-path="url(#7gjj25igta)" transform="translate(-232 -2221)"><g clip-path="url(#dvqif6313b)" transform="translate(232 2221)"><g clip-path="url(#6r7ozri4zc)" transform="translate(-8.75 2.5)"><path stroke="#767676" stroke-miterlimit="5" d="m8.75 12.188-5.143 2.51.982-5.318L.43 5.614l5.75-.776L8.75 0l2.572 4.838 5.75.776L12.91 9.38l.982 5.318-5.143-2.51z"></path></g></g></g></svg></span><span><svg xmlns="http://www.w3.org/2000/svg" width="10" height="20" viewBox="0 0 10 20" class="oct-icon" aria-hidden="true" aria-label="" style="height: 14px; width: auto; fill: rgb(255, 204, 0);"><g clip-path="url(#3b8wbmf19a)" transform="translate(-202 -2221)"><g clip-path="url(#n79ah32ilb)" transform="translate(202 2221)"><g clip-path="url(#h1bi9j7dcc)" transform="translate(1.25 2.5)"><path stroke="#767676" stroke-miterlimit="5" d="m8.75 12.188-5.143 2.51.982-5.318L.43 5.614l5.75-.776L8.75 0l2.572 4.838 5.75.776L12.91 9.38l.982 5.318-5.143-2.51z"></path></g></g></g></svg><svg xmlns="http://www.w3.org/2000/svg" width="10" height="20" viewBox="0 0 10 20" class="oct-icon" aria-hidden="true" aria-label="" style="height: 14px; width: auto; fill: rgb(255, 204, 0);"><g clip-path="url(#7gjj25igta)" transform="translate(-232 -2221)"><g clip-path="url(#dvqif6313b)" transform="translate(232 2221)"><g clip-path="url(#6r7ozri4zc)" transform="translate(-8.75 2.5)"><path stroke="#767676" stroke-miterlimit="5" d="m8.75 12.188-5.143 2.51.982-5.318L.43 5.614l5.75-.776L8.75 0l2.572 4.838 5.75.776L12.91 9.38l.982 5.318-5.143-2.51z"></path></g></g></g></svg></span><span><svg xmlns="http://www.w3.org/2000/svg" width="10" height="20" viewBox="0 0 10 20" class="oct-icon" aria-hidden="true" aria-label="" style="height: 14px; width: auto; fill: rgb(255, 204, 0);"><g clip-path="url(#3b8wbmf19a)" transform="translate(-202 -2221)"><g clip-path="url(#n79ah32ilb)" transform="translate(202 2221)"><g clip-path="url(#h1bi9j7dcc)" transform="translate(1.25 2.5)"><path stroke="#767676" stroke-miterlimit="5" d="m8.75 12.188-5.143 2.51.982-5.318L.43 5.614l5.75-.776L8.75 0l2.572 4.838 5.75.776L12.91 9.38l.982 5.318-5.143-2.51z"></path></g></g></g></svg><svg xmlns="http://www.w3.org/2000/svg" width="10" height="20" viewBox="0 0 10 20" class="oct-icon" aria-hidden="true" aria-label="" style="height: 14px; width: auto; fill: rgb(255, 204, 0);"><g clip-path="url(#7gjj25igta)" transform="translate(-232 -2221)"><g clip-path="url(#dvqif6313b)" transform="translate(232 2221)"><g clip-path="url(#6r7ozri4zc)" transform="translate(-8.75 2.5)"><path stroke="#767676" stroke-miterlimit="5" d="m8.75 12.188-5.143 2.51.982-5.318L.43 5.614l5.75-.776L8.75 0l2.572 4.838 5.75.776L12.91 9.38l.982 5.318-5.143-2.51z"></path></g></g></g></svg></span><span><svg xmlns="http://www.w3.org/2000/svg" width="10" height="20" viewBox="0 0 10 20" class="oct-icon" aria-hidden="true" aria-label="" style="height: 14px; width: auto; fill: rgb(255, 204, 0);"><g clip-path="url(#3b8wbmf19a)" transform="translate(-202 -2221)"><g clip-path="url(#n79ah32ilb)" transform="translate(202 2221)"><g clip-path="url(#h1bi9j7dcc)" transform="translate(1.25 2.5)"><path stroke="#767676" stroke-miterlimit="5" d="m8.75 12.188-5.143 2.51.982-5.318L.43 5.614l5.75-.776L8.75 0l2.572 4.838 5.75.776L12.91 9.38l.982 5.318-5.143-2.51z"></path></g></g></g></svg><svg xmlns="http://www.w3.org/2000/svg" width="10" height="20" viewBox="0 0 10 20" class="oct-icon" aria-hidden="true" aria-label="" style="height: 14px; width: auto; fill: rgb(255, 204, 0);"><g clip-path="url(#7gjj25igta)" transform="translate(-232 -2221)"><g clip-path="url(#dvqif6313b)" transform="translate(232 2221)"><g clip-path="url(#6r7ozri4zc)" transform="translate(-8.75 2.5)"><path stroke="#767676" stroke-miterlimit="5" d="m8.75 12.188-5.143 2.51.982-5.318L.43 5.614l5.75-.776L8.75 0l2.572 4.838 5.75.776L12.91 9.38l.982 5.318-5.143-2.51z"></path></g></g></g></svg></span><span><svg xmlns="http://www.w3.org/2000/svg" width="10" height="20" viewBox="0 0 10 20" class="oct-icon" aria-hidden="true" aria-label="" style="height: 14px; width: auto; fill: rgb(255, 204, 0);"><g clip-path="url(#3b8wbmf19a)" transform="translate(-202 -2221)"><g clip-path="url(#n79ah32ilb)" transform="translate(202 2221)"><g clip-path="url(#h1bi9j7dcc)" transform="translate(1.25 2.5)"><path stroke="#767676" stroke-miterlimit="5" d="m8.75 12.188-5.143 2.51.982-5.318L.43 5.614l5.75-.776L8.75 0l2.572 4.838 5.75.776L12.91 9.38l.982 5.318-5.143-2.51z"></path></g></g></g></svg><svg xmlns="http://www.w3.org/2000/svg" width="10" height="20" viewBox="0 0 10 20" class="oct-icon" aria-hidden="true" aria-label="" style="height: 14px; width: auto; fill: rgb(255, 204, 0);"><g clip-path="url(#7gjj25igta)" transform="translate(-232 -2221)"><g clip-path="url(#dvqif6313b)" transform="translate(232 2221)"><g clip-path="url(#6r7ozri4zc)" transform="translate(-8.75 2.5)"><path stroke="#767676" stroke-miterlimit="5" d="m8.75 12.188-5.143 2.51.982-5.318L.43 5.614l5.75-.776L8.75 0l2.572 4.838 5.75.776L12.91 9.38l.982 5.318-5.143-2.51z"></path></g></g></g></svg></span></div><div class="oct-reviews__optionalText"><a href="https://www.boots.com/soap-glory-strike-a-balance-5-niacinamide-tonic-200ml-10301433#BVRRContainer" class="oct-link oct-link--theme-text oct-color--boots-blue oct-reviews__count" aria-label="5 stars out of 5. 10 reviews"><span class="oct-reviews__optionalTextCount">(10)</span></a></div></div></div><div class="oct-teaser__offer__container" aria-label=""><div class="oct-teaser__wrap"><button data-testid="button" class="oct-button oct-button--ellipses oct-button--cta oct-button--cta-default oct-button--cta-default-responsive oct-teaser__offer oct-teaser__offer--isAvailable oct-button--cta-custom" aria-label="3 for 2 on selected Soap And Glory - cheapest free"><div class="oct-button__content">3 for 2 on selected Soap And Glory - cheapest free</div></button></div></div><div class="oct-teaser__price-wrapper oct-teaser__price-wrapper--current"><div class="oct-teaser__price-col1-wrapper"><p class="oct-text oct-text--standard oct-text--size_m oct-aem-text oct-aem-text--p--variant-subtext oct-teaser__productPrice" data-testid="text">£6.99</p><div class="oct-teaser__product-price-wrapper"></div></div></div><div class="oct-teaser__price-detail-wrapper"><p class="oct-text oct-text--standard oct-text--size_m oct-aem-text oct-aem-text--p--variant-subtext oct-teaser__productPriceDetail" data-testid="text">200ML | £3.50 per 100ML</p></div></div><div class="oct-teaser__calls-to-action oct-teaser__calls-to-action--two oct-teaser__calls-to-action--left"></div></div></div><div class="oct-teaser__foreground"><a href="https://www.boots.com/soap-glory-strike-a-balance-5-niacinamide-tonic-200ml-10301433" class="oct-link oct-link--theme-text oct-color--boots-blue oct-teaser-wrapper-link" tabindex="-1" aria-hidden="true" data-promo-creative="25% teaser" data-promo-position=""><div class="oct-image-link-wrapper"><img src="https://boots.scene7.com/is/image/Boots/10301433?op_sharpen=1" alt="Foreground image" class="oct-image oct-image--lazy" data-testid="lazy-image" decoding="async" loading="lazy"></div></a></div><div class="oct-teaser__calls-to-action oct-add-to-basket-callToAction oct-add-to-basket-callToAction--with-lister-basket"><div class="oct-add-to-basket"><div class="oct-input__iconContainer"><div></div><input type="hidden" class="oct-input" id="cmProductName_2600150" autocomplete="off" value="Soap &amp; Glory™ Strike A Balance™ 5% Niacinamide Tonic 200ml (10301433.P)" style=""></div><div class="oct-input__iconContainer"><div></div><input type="hidden" class="oct-input" id="catalogEntry_ID" name="catalogEntry_ID" autocomplete="off" value="2600150" style=""></div><div class="oct-input__iconContainer"><div></div><input type="hidden" class="oct-input" id="dlProductId_2600150" name="dlProductId_2600150" autocomplete="off" value="10301433.P" style=""></div><div class="oct-input__iconContainer"><div></div><input type="hidden" class="oct-input" id="dlProductName_2600150" name="dlProductName_2600150" autocomplete="off" value="Soap &amp; Glory™ Strike A Balance™ 5% Niacinamide Tonic 200ml" style=""></div><div class="oct-input__iconContainer"><div></div><input type="hidden" class="oct-input" id="dlParentCatentryID_10301433.P" name="dlParentCatentryID_10301433.P" autocomplete="off" value="2600150" style=""></div><div class="oct-input__iconContainer"><div></div><input type="hidden" class="oct-input" id="dlPackagePartNumber_2600150" name="dlPackagePartNumber_2600150" autocomplete="off" value="" style=""></div><div class="oct-add-to-basket__product_info-container"><div class="oct-add-to-basket__product_add noQuickBuy"><div class="oct-add-to-basket__quickBuySLPContainer quickBuySLPContainer"></div><div class="oct-add-to-basket__shopperActions shopperActions oct-add-to-basket__plp_shopperActions_redesign plp_shopperActions_redesign" id="shopperActionsRedesign2600150"><p class="oct-text oct-text--standard oct-text--size_m oct-aem-text oct-aem-text--p--variant-1 oct-add-to-basket__qty-errorMax qty_errorMax" data-testid="text" id="quantity_msg_2600150">Maximum quantity reached</p><div class="oct-add-to-basket__quantity-section quantity_section quantity_section_redesign" id="quantity_section_2600150"><button data-testid="button" class="oct-button oct-button--ellipses oct-button--cta oct-button--cta-default oct-button--cta-default-primaryTransparent oct-button--cta-default-responsive oct-aem-cta oct-add-to-basket__minus-quantity plus_quantity_disabled minus_quantity_redesign plus_quantity_disabled_redesign control-buttons oct-button--cta-midnight-blue-primary" to="" id="desreseQty_2600150" aria-label="Decrease Quantity Soap &amp; Glory™ Strike A Balance™ 5% Niacinamide Tonic 200ml" aria-hidden="false" data-icon="–"><div class="oct-button__content"></div></button><div class="oct-input__iconContainer"><div></div><input type="text" class="oct-input oct-add-to-basket__quantity-input quantity_input quantity_input_redesign" aria-label="quantity" name="quantity_$2600150" id="quantity_2600150" readonly="" maxlength="2" tabindex="-1" value="1" style=""></div><button data-testid="button" class="oct-button oct-button--ellipses oct-button--cta oct-button--cta-default oct-button--cta-default-primaryTransparent oct-button--cta-default-responsive oct-aem-cta oct-add-to-basket__plus-quantity plus_quantity plus_quantity_redesign control-buttons oct-button--cta-midnight-blue-primary" to="" id="increseQty_2600150" aria-label="Increase Quantity Soap &amp; Glory™ Strike A Balance™ 5% Niacinamide Tonic 200ml" aria-hidden="false" data-icon="+"><div class="oct-button__content"></div></button><div class="oct-add-to-basket__quantity-label quantity_label">in your basket</div></div><div class="oct-input__iconContainer"><div></div><input type="hidden" class="oct-input" name="freeGiftId_2600150" id="freeGiftId_2600150" value="" style=""></div><button data-testid="button" class="oct-button oct-button--ellipses oct-button--cta oct-button--cta-default oct-button--cta-default-primaryTransparent oct-button--cta-default-responsive oct-aem-cta oct-add-to-basket_button oct-button--cta-midnight-blue-primary" to="" id="add2CartBtn_2600150" eeindex="2" data-shop5="" aria-label="Add Soap &amp; Glory™ Strike A Balance™ 5% Niacinamide Tonic 200ml to basket"><div class="oct-button__content"><span class="oct-add-to-basket_button_text button_text button_text_redesign">Add to basket</span></div></button><div class="oct-input__iconContainer"><div></div><input type="hidden" class="oct-input" id="lister_orderItemId_2600150" name="lister_orderItemId" value="" style=""></div><div class="oct-input__iconContainer"><div></div><input type="hidden" class="oct-input" id="lister_orderItemQty_2600150" name="lister_orderItemId" value="0" style=""></div><div class="oct-add-to-basket--overlay" data-testid="oct-add-to-basket"><div class="oct-add-to-basket__overlay-popup oct-overlay-popup" id="basket_confirmation_popup_overlay"></div><div id="basket_confirmation_overlay_2600150" class="oct-add-to-basket__overlay-popup__dialog" style="display: none;"><div class="oct-add-to-basket__overlay-focus" role="dialog" aria-labelledby="2600150-dialog-message"><p class="oct-text oct-text--standard oct-text--size_m oct-aem-text oct-aem-text--p--variant-1 oct-add-to-basket__text" data-testid="text" id="2600150-dialog-message">Are you sure you want to remove this product?</p><a class="oct-link oct-link--theme-text oct-color--boots-blue oct-add-to-basket__close-btn" tabindex="0" title="Close overlay" role="button" aria-label="Close overlay">x</a><div class="row"><button data-testid="button" class="oct-button oct-button--default oct-button--default-default oct-button--default-default-responsive oct-add-to-basket__button-secondary oct-add-to-basket__button button" role="button"><div class="oct-button__content">Yes</div></button><button data-testid="button" class="oct-button oct-button--default oct-button--default-default oct-button--default-default-responsive oct-add-to-basket__button-tertiary oct-add-to-basket__button button" role="button"><div class="oct-button__content">No</div></button></div></div></div></div></div></div></div><div id="entitledItem_2600150" style="display: none;">[ { "catentry_id" : 2600151, "Attributes" : { }, "ItemImage" :
          "/wcsstore/eBootsStorefrontAssetStore/images/NoImageIcon.jpg",
          "ItemImage467" :
          "/wcsstore/eBootsStorefrontAssetStore/images/NoImageIcon.jpg",
          "ItemThumbnailImage" :
          "/wcsstore/eBootsStorefrontAssetStore/images/NoImageIcon_sm.jpg" } ]</div></div></div></div></div></div><div data-testid="cell" class="oct-grid__cell oct-grid__cell--width-3 oct-grid__cell--small-6 oct-grid__cell--medium-small-4 oct-grid__cell--medium-4 oct-grid__cell--medium-large-4 oct-listers-hits__item hit oct-listers__item--with-inGrid" data-insights-position="32" data-insights-query-id="9e35482c34e960965eebfb9265ec00be" data-insights-object-id="3073223" data-productid="10357283.P"><div class="oct-teaser-wrapper oct-teaser-with-basket oct-teaser-with-basket--productTile oct-teaser-with-lister-basket oct-teaser--listers oct-teaser--listers-default"><div class="oct-teaser oct-teaser--theme-productTile oct-teaser--border" style="text-align: left;"><div class="oct-teaser__promotion-offer-roundel-wrapper"></div><div class="oct-add-to-favorites" tabindex="0" role="checkbox" aria-checked="false" aria-label="Add item to favourites"><span class="oct-add-to-favorites__icon"></span></div><div class="oct-teaser__contents oct-teaser__contents--only-foreground-image"><div class="oct-teaser__contents-panel oct-teaser__contents-panel"><div class="oct-teaser__contents-panel--main-content"><div><img src="data:image/svg+xml;base64,PHN2ZyB4bWxucz0iaHR0cDovL3d3dy53My5vcmcvMjAwMC9zdmciIHdpZHRoPSIzMjUiIGhlaWdodD0iMzI1Ij48cmVjdCB3aWR0aD0iMTAwJSIgaGVpZ2h0PSIxMDAlIiBzdHlsZT0iZmlsbDojZjJmMmYyIi8+PC9zdmc+" alt="test" class="oct-image oct-teaser__contents-panel__logo oct-teaser__contents-panel__logo--small oct-image--lazy" data-testid="lazy-image" decoding="async" loading="lazy"></div><a href="https://www.boots.com/elemis-pro-collagen-black-cherry-cleansing-balm-50g-10357283" class="oct-link oct-link--theme-text oct-color--boots-blue oct-teaser__title-link" aria-label="" title="Elemis Pro Collagen Black Cherry Cleansing Balm 50g"><h3 class="oct-text oct-text--standard oct-text--size_m oct-aem-text oct-aem-text--h3--variant-1 oct-teaser__subtitle" data-testid="text">none</h3><div><h3 class="oct-text oct-text--standard oct-text--size_m oct-aem-text oct-aem-text--h3--variant-2 oct-teaser__title oct-teaser-with-listers" data-testid="text">Elemis Pro Collagen Black Cherry Cleansing Balm 50g</h3></div></a><div class="oct-reviews__reviews-container" aria-label=""><div class="oct-reviews"><div class="oct-reviews__icons" data-testid="reviews__icons"><span><svg xmlns="http://www.w3.org/2000/svg" width="10" height="20" viewBox="0 0 10 20" class="oct-icon" aria-hidden="true" aria-label="" style="height: 14px; width: auto; fill: rgb(255, 204, 0);"><g clip-path="url(#3b8wbmf19a)" transform="translate(-202 -2221)"><g clip-path="url(#n79ah32ilb)" transform="translate(202 2221)"><g clip-path="url(#h1bi9j7dcc)" transform="translate(1.25 2.5)"><path stroke="#767676" stroke-miterlimit="5" d="m8.75 12.188-5.143 2.51.982-5.318L.43 5.614l5.75-.776L8.75 0l2.572 4.838 5.75.776L12.91 9.38l.982 5.318-5.143-2.51z"></path></g></g></g></svg><svg xmlns="http://www.w3.org/2000/svg" width="10" height="20" viewBox="0 0 10 20" class="oct-icon" aria-hidden="true" aria-label="" style="height: 14px; width: auto; fill: rgb(255, 204, 0);"><g clip-path="url(#7gjj25igta)" transform="translate(-232 -2221)"><g clip-path="url(#dvqif6313b)" transform="translate(232 2221)"><g clip-path="url(#6r7ozri4zc)" transform="translate(-8.75 2.5)"><path stroke="#767676" stroke-miterlimit="5" d="m8.75 12.188-5.143 2.51.982-5.318L.43 5.614l5.75-.776L8.75 0l2.572 4.838 5.75.776L12.91 9.38l.982 5.318-5.143-2.51z"></path></g></g></g></svg></span><span><svg xmlns="http://www.w3.org/2000/svg" width="10" height="20" viewBox="0 0 10 20" class="oct-icon" aria-hidden="true" aria-label="" style="height: 14px; width: auto; fill: rgb(255, 204, 0);"><g clip-path="url(#3b8wbmf19a)" transform="translate(-202 -2221)"><g clip-path="url(#n79ah32ilb)" transform="translate(202 2221)"><g clip-path="url(#h1bi9j7dcc)" transform="translate(1.25 2.5)"><path stroke="#767676" stroke-miterlimit="5" d="m8.75 12.188-5.143 2.51.982-5.318L.43 5.614l5.75-.776L8.75 0l2.572 4.838 5.75.776L12.91 9.38l.982 5.318-5.143-2.51z"></path></g></g></g></svg><svg xmlns="http://www.w3.org/2000/svg" width="10" height="20" viewBox="0 0 10 20" class="oct-icon" aria-hidden="true" aria-label="" style="height: 14px; width: auto; fill: rgb(255, 204, 0);"><g clip-path="url(#7gjj25igta)" transform="translate(-232 -2221)"><g clip-path="url(#dvqif6313b)" transform="translate(232 2221)"><g clip-path="url(#6r7ozri4zc)" transform="translate(-8.75 2.5)"><path stroke="#767676" stroke-miterlimit="5" d="m8.75 12.188-5.143 2.51.982-5.318L.43 5.614l5.75-.776L8.75 0l2.572 4.838 5.75.776L12.91 9.38l.982 5.318-5.143-2.51z"></path></g></g></g></svg></span><span><svg xmlns="http://www.w3.org/2000/svg" width="10" height="20" viewBox="0 0 10 20" class="oct-icon" aria-hidden="true" aria-label="" style="height: 14px; width: auto; fill: rgb(255, 204, 0);"><g clip-path="url(#3b8wbmf19a)" transform="translate(-202 -2221)"><g clip-path="url(#n79ah32ilb)" transform="translate(202 2221)"><g clip-path="url(#h1bi9j7dcc)" transform="translate(1.25 2.5)"><path stroke="#767676" stroke-miterlimit="5" d="m8.75 12.188-5.143 2.51.982-5.318L.43 5.614l5.75-.776L8.75 0l2.572 4.838 5.75.776L12.91 9.38l.982 5.318-5.143-2.51z"></path></g></g></g></svg><svg xmlns="http://www.w3.org/2000/svg" width="10" height="20" viewBox="0 0 10 20" class="oct-icon" aria-hidden="true" aria-label="" style="height: 14px; width: auto; fill: rgb(255, 204, 0);"><g clip-path="url(#7gjj25igta)" transform="translate(-232 -2221)"><g clip-path="url(#dvqif6313b)" transform="translate(232 2221)"><g clip-path="url(#6r7ozri4zc)" transform="translate(-8.75 2.5)"><path stroke="#767676" stroke-miterlimit="5" d="m8.75 12.188-5.143 2.51.982-5.318L.43 5.614l5.75-.776L8.75 0l2.572 4.838 5.75.776L12.91 9.38l.982 5.318-5.143-2.51z"></path></g></g></g></svg></span><span><svg xmlns="http://www.w3.org/2000/svg" width="10" height="20" viewBox="0 0 10 20" class="oct-icon" aria-hidden="true" aria-label="" style="height: 14px; width: auto; fill: rgb(255, 204, 0);"><g clip-path="url(#3b8wbmf19a)" transform="translate(-202 -2221)"><g clip-path="url(#n79ah32ilb)" transform="translate(202 2221)"><g clip-path="url(#h1bi9j7dcc)" transform="translate(1.25 2.5)"><path stroke="#767676" stroke-miterlimit="5" d="m8.75 12.188-5.143 2.51.982-5.318L.43 5.614l5.75-.776L8.75 0l2.572 4.838 5.75.776L12.91 9.38l.982 5.318-5.143-2.51z"></path></g></g></g></svg><svg xmlns="http://www.w3.org/2000/svg" width="10" height="20" viewBox="0 0 10 20" class="oct-icon" aria-hidden="true" aria-label="" style="height: 14px; width: auto; fill: rgb(255, 204, 0);"><g clip-path="url(#7gjj25igta)" transform="translate(-232 -2221)"><g clip-path="url(#dvqif6313b)" transform="translate(232 2221)"><g clip-path="url(#6r7ozri4zc)" transform="translate(-8.75 2.5)"><path stroke="#767676" stroke-miterlimit="5" d="m8.75 12.188-5.143 2.51.982-5.318L.43 5.614l5.75-.776L8.75 0l2.572 4.838 5.75.776L12.91 9.38l.982 5.318-5.143-2.51z"></path></g></g></g></svg></span><span><svg xmlns="http://www.w3.org/2000/svg" width="10" height="20" viewBox="0 0 10 20" class="oct-icon" aria-hidden="true" aria-label="" style="height: 14px; width: auto; fill: rgb(255, 204, 0);"><g clip-path="url(#3b8wbmf19a)" transform="translate(-202 -2221)"><g clip-path="url(#n79ah32ilb)" transform="translate(202 2221)"><g clip-path="url(#h1bi9j7dcc)" transform="translate(1.25 2.5)"><path stroke="#767676" stroke-miterlimit="5" d="m8.75 12.188-5.143 2.51.982-5.318L.43 5.614l5.75-.776L8.75 0l2.572 4.838 5.75.776L12.91 9.38l.982 5.318-5.143-2.51z"></path></g></g></g></svg><svg xmlns="http://www.w3.org/2000/svg" width="10" height="20" viewBox="0 0 10 20" class="oct-icon" aria-hidden="true" aria-label="" style="height: 14px; width: auto; fill: rgb(255, 204, 0);"><g clip-path="url(#7gjj25igta)" transform="translate(-232 -2221)"><g clip-path="url(#dvqif6313b)" transform="translate(232 2221)"><g clip-path="url(#6r7ozri4zc)" transform="translate(-8.75 2.5)"><path stroke="#767676" stroke-miterlimit="5" d="m8.75 12.188-5.143 2.51.982-5.318L.43 5.614l5.75-.776L8.75 0l2.572 4.838 5.75.776L12.91 9.38l.982 5.318-5.143-2.51z"></path></g></g></g></svg></span></div><div class="oct-reviews__optionalText"><a href="https://www.boots.com/elemis-pro-collagen-black-cherry-cleansing-balm-50g-10357283#BVRRContainer" class="oct-link oct-link--theme-text oct-color--boots-blue oct-reviews__count" aria-label="5 stars out of 5. 2 reviews"><span class="oct-reviews__optionalTextCount">(2)</span></a></div></div></div><div class="oct-teaser__offer__container" aria-label=""><div class="oct-teaser__wrap"></div></div><div class="oct-teaser__price-wrapper oct-teaser__price-wrapper--current"><div class="oct-teaser__price-col1-wrapper"><p class="oct-text oct-text--standard oct-text--size_m oct-aem-text oct-aem-text--p--variant-subtext oct-teaser__productPrice" data-testid="text">£29.00</p><div class="oct-teaser__product-price-wrapper"></div></div></div><div class="oct-teaser__price-detail-wrapper"><p class="oct-text oct-text--standard oct-text--size_m oct-aem-text oct-aem-text--p--variant-subtext oct-teaser__productPriceDetail" data-testid="text">50G | £58.00 per 100G</p></div></div><div class="oct-teaser__calls-to-action oct-teaser__calls-to-action--two oct-teaser__calls-to-action--left"></div></div></div><div class="oct-teaser__foreground"><a href="https://www.boots.com/elemis-pro-collagen-black-cherry-cleansing-balm-50g-10357283" class="oct-link oct-link--theme-text oct-color--boots-blue oct-teaser-wrapper-link" tabindex="-1" aria-hidden="true" data-promo-creative="25% teaser" data-promo-position=""><div class="oct-image-link-wrapper"><img src="https://boots.scene7.com/is/image/Boots/10357283?op_sharpen=1" alt="Foreground image" class="oct-image oct-image--lazy" data-testid="lazy-image" decoding="async" loading="lazy"></div></a></div><div class="oct-teaser__calls-to-action oct-add-to-basket-callToAction oct-add-to-basket-callToAction--with-lister-basket"><div class="oct-add-to-basket"><div class="oct-input__iconContainer"><div></div><input type="hidden" class="oct-input" id="cmProductName_3073222" autocomplete="off" value="Elemis Pro Collagen Black Cherry Cleansing Balm 50g (10357283.P)" style=""></div><div class="oct-input__iconContainer"><div></div><input type="hidden" class="oct-input" id="catalogEntry_ID" name="catalogEntry_ID" autocomplete="off" value="3073222" style=""></div><div class="oct-input__iconContainer"><div></div><input type="hidden" class="oct-input" id="dlProductId_3073222" name="dlProductId_3073222" autocomplete="off" value="10357283.P" style=""></div><div class="oct-input__iconContainer"><div></div><input type="hidden" class="oct-input" id="dlProductName_3073222" name="dlProductName_3073222" autocomplete="off" value="Elemis Pro Collagen Black Cherry Cleansing Balm 50g" style=""></div><div class="oct-input__iconContainer"><div></div><input type="hidden" class="oct-input" id="dlParentCatentryID_10357283.P" name="dlParentCatentryID_10357283.P" autocomplete="off" value="3073222" style=""></div><div class="oct-input__iconContainer"><div></div><input type="hidden" class="oct-input" id="dlPackagePartNumber_3073222" name="dlPackagePartNumber_3073222" autocomplete="off" value="" style=""></div><div class="oct-add-to-basket__product_info-container"><div class="oct-add-to-basket__product_add noQuickBuy"><div class="oct-add-to-basket__quickBuySLPContainer quickBuySLPContainer"></div><div class="oct-add-to-basket__shopperActions shopperActions oct-add-to-basket__plp_shopperActions_redesign plp_shopperActions_redesign" id="shopperActionsRedesign3073222"><p class="oct-text oct-text--standard oct-text--size_m oct-aem-text oct-aem-text--p--variant-1 oct-add-to-basket__qty-errorMax qty_errorMax" data-testid="text" id="quantity_msg_3073222">Maximum quantity reached</p><div class="oct-add-to-basket__quantity-section quantity_section quantity_section_redesign" id="quantity_section_3073222"><button data-testid="button" class="oct-button oct-button--ellipses oct-button--cta oct-button--cta-default oct-button--cta-default-primaryTransparent oct-button--cta-default-responsive oct-aem-cta oct-add-to-basket__minus-quantity plus_quantity_disabled minus_quantity_redesign plus_quantity_disabled_redesign control-buttons oct-button--cta-midnight-blue-primary" to="" id="desreseQty_3073222" aria-label="Decrease Quantity Elemis Pro Collagen Black Cherry Cleansing Balm 50g" aria-hidden="false" data-icon="–"><div class="oct-button__content"></div></button><div class="oct-input__iconContainer"><div></div><input type="text" class="oct-input oct-add-to-basket__quantity-input quantity_input quantity_input_redesign" aria-label="quantity" name="quantity_$3073222" id="quantity_3073222" readonly="" maxlength="2" tabindex="-1" value="1" style=""></div><button data-testid="button" class="oct-button oct-button--ellipses oct-button--cta oct-button--cta-default oct-button--cta-default-primaryTransparent oct-button--cta-default-responsive oct-aem-cta oct-add-to-basket__plus-quantity plus_quantity plus_quantity_redesign control-buttons oct-button--cta-midnight-blue-primary" to="" id="increseQty_3073222" aria-label="Increase Quantity Elemis Pro Collagen Black Cherry Cleansing Balm 50g" aria-hidden="false" data-icon="+"><div class="oct-button__content"></div></button><div class="oct-add-to-basket__quantity-label quantity_label">in your basket</div></div><div class="oct-input__iconContainer"><div></div><input type="hidden" class="oct-input" name="freeGiftId_3073222" id="freeGiftId_3073222" value="" style=""></div><button data-testid="button" class="oct-button oct-button--ellipses oct-button--cta oct-button--cta-default oct-button--cta-default-primaryTransparent oct-button--cta-default-responsive oct-aem-cta oct-add-to-basket_button oct-button--cta-midnight-blue-primary" to="" id="add2CartBtn_3073222" eeindex="2" data-shop5="" aria-label="Add Elemis Pro Collagen Black Cherry Cleansing Balm 50g to basket"><div class="oct-button__content"><span class="oct-add-to-basket_button_text button_text button_text_redesign">Add to basket</span></div></button><div class="oct-input__iconContainer"><div></div><input type="hidden" class="oct-input" id="lister_orderItemId_3073222" name="lister_orderItemId" value="" style=""></div><div class="oct-input__iconContainer"><div></div><input type="hidden" class="oct-input" id="lister_orderItemQty_3073222" name="lister_orderItemId" value="0" style=""></div><div class="oct-add-to-basket--overlay" data-testid="oct-add-to-basket"><div class="oct-add-to-basket__overlay-popup oct-overlay-popup" id="basket_confirmation_popup_overlay"></div><div id="basket_confirmation_overlay_3073222" class="oct-add-to-basket__overlay-popup__dialog" style="display: none;"><div class="oct-add-to-basket__overlay-focus" role="dialog" aria-labelledby="3073222-dialog-message"><p class="oct-text oct-text--standard oct-text--size_m oct-aem-text oct-aem-text--p--variant-1 oct-add-to-basket__text" data-testid="text" id="3073222-dialog-message">Are you sure you want to remove this product?</p><a class="oct-link oct-link--theme-text oct-color--boots-blue oct-add-to-basket__close-btn" tabindex="0" title="Close overlay" role="button" aria-label="Close overlay">x</a><div class="row"><button data-testid="button" class="oct-button oct-button--default oct-button--default-default oct-button--default-default-responsive oct-add-to-basket__button-secondary oct-add-to-basket__button button" role="button"><div class="oct-button__content">Yes</div></button><button data-testid="button" class="oct-button oct-button--default oct-button--default-default oct-button--default-default-responsive oct-add-to-basket__button-tertiary oct-add-to-basket__button button" role="button"><div class="oct-button__content">No</div></button></div></div></div></div></div></div></div><div id="entitledItem_3073222" style="display: none;">[ { "catentry_id" : 3073223, "Attributes" : { }, "ItemImage" :
          "/wcsstore/eBootsStorefrontAssetStore/images/NoImageIcon.jpg",
          "ItemImage467" :
          "/wcsstore/eBootsStorefrontAssetStore/images/NoImageIcon.jpg",
          "ItemThumbnailImage" :
          "/wcsstore/eBootsStorefrontAssetStore/images/NoImageIcon_sm.jpg" } ]</div></div></div></div></div></div><div data-testid="cell" class="oct-grid__cell oct-grid__cell--width-3 oct-grid__cell--small-6 oct-grid__cell--medium-small-4 oct-grid__cell--medium-4 oct-grid__cell--medium-large-4 oct-listers-hits__item hit oct-listers__item--with-inGrid" data-insights-position="33" data-insights-query-id="9e35482c34e960965eebfb9265ec00be" data-insights-object-id="3031683" data-productid="10352049.P"><div class="oct-teaser-wrapper oct-teaser-with-basket oct-teaser-with-basket--productTile oct-teaser-with-lister-basket oct-teaser--listers oct-teaser--listers-default"><div class="oct-teaser oct-teaser--theme-productTile oct-teaser--border" style="text-align: left;"><div class="oct-teaser__promotion-offer-roundel-wrapper"><div class="oct-teaser__promotion-offer-roundel-item oct-teaser__promotion-offer-roundel-item--offer" aria-label="Item on offer" role="img">Offer</div></div><div class="oct-add-to-favorites" tabindex="0" role="checkbox" aria-checked="false" aria-label="Add item to favourites"><span class="oct-add-to-favorites__icon"></span></div><div class="oct-teaser__contents oct-teaser__contents--only-foreground-image"><div class="oct-teaser__contents-panel oct-teaser__contents-panel"><div class="oct-teaser__contents-panel--main-content"><div><img src="data:image/svg+xml;base64,PHN2ZyB4bWxucz0iaHR0cDovL3d3dy53My5vcmcvMjAwMC9zdmciIHdpZHRoPSIzMjUiIGhlaWdodD0iMzI1Ij48cmVjdCB3aWR0aD0iMTAwJSIgaGVpZ2h0PSIxMDAlIiBzdHlsZT0iZmlsbDojZjJmMmYyIi8+PC9zdmc+" alt="test" class="oct-image oct-teaser__contents-panel__logo oct-teaser__contents-panel__logo--small oct-image--lazy" data-testid="lazy-image" decoding="async" loading="lazy"></div><a href="https://www.boots.com/round-lab-1025-dokdo-cream-80ml-10352049" class="oct-link oct-link--theme-text oct-color--boots-blue oct-teaser__title-link" aria-label="" title="Round Lab 1025 Dokdo Cream 80ml"><h3 class="oct-text oct-text--standard oct-text--size_m oct-aem-text oct-aem-text--h3--variant-1 oct-teaser__subtitle" data-testid="text">none</h3><div><h3 class="oct-text oct-text--standard oct-text--size_m oct-aem-text oct-aem-text--h3--variant-2 oct-teaser__title oct-teaser-with-listers" data-testid="text">Round Lab 1025 Dokdo Cream 80ml</h3></div></a><div class="oct-reviews__reviews-container" aria-label=""><div class="oct-reviews"><div class="oct-reviews__icons" data-testid="reviews__icons"><span><svg xmlns="http://www.w3.org/2000/svg" width="10" height="20" viewBox="0 0 10 20" class="oct-icon" aria-hidden="true" aria-label="" style="height: 14px; width: auto; fill: rgb(255, 204, 0);"><g clip-path="url(#3b8wbmf19a)" transform="translate(-202 -2221)"><g clip-path="url(#n79ah32ilb)" transform="translate(202 2221)"><g clip-path="url(#h1bi9j7dcc)" transform="translate(1.25 2.5)"><path stroke="#767676" stroke-miterlimit="5" d="m8.75 12.188-5.143 2.51.982-5.318L.43 5.614l5.75-.776L8.75 0l2.572 4.838 5.75.776L12.91 9.38l.982 5.318-5.143-2.51z"></path></g></g></g></svg><svg xmlns="http://www.w3.org/2000/svg" width="10" height="20" viewBox="0 0 10 20" class="oct-icon" aria-hidden="true" aria-label="" style="height: 14px; width: auto; fill: rgb(255, 204, 0);"><g clip-path="url(#7gjj25igta)" transform="translate(-232 -2221)"><g clip-path="url(#dvqif6313b)" transform="translate(232 2221)"><g clip-path="url(#6r7ozri4zc)" transform="translate(-8.75 2.5)"><path stroke="#767676" stroke-miterlimit="5" d="m8.75 12.188-5.143 2.51.982-5.318L.43 5.614l5.75-.776L8.75 0l2.572 4.838 5.75.776L12.91 9.38l.982 5.318-5.143-2.51z"></path></g></g></g></svg></span><span><svg xmlns="http://www.w3.org/2000/svg" width="10" height="20" viewBox="0 0 10 20" class="oct-icon" aria-hidden="true" aria-label="" style="height: 14px; width: auto; fill: rgb(255, 204, 0);"><g clip-path="url(#3b8wbmf19a)" transform="translate(-202 -2221)"><g clip-path="url(#n79ah32ilb)" transform="translate(202 2221)"><g clip-path="url(#h1bi9j7dcc)" transform="translate(1.25 2.5)"><path stroke="#767676" stroke-miterlimit="5" d="m8.75 12.188-5.143 2.51.982-5.318L.43 5.614l5.75-.776L8.75 0l2.572 4.838 5.75.776L12.91 9.38l.982 5.318-5.143-2.51z"></path></g></g></g></svg><svg xmlns="http://www.w3.org/2000/svg" width="10" height="20" viewBox="0 0 10 20" class="oct-icon" aria-hidden="true" aria-label="" style="height: 14px; width: auto; fill: rgb(255, 204, 0);"><g clip-path="url(#7gjj25igta)" transform="translate(-232 -2221)"><g clip-path="url(#dvqif6313b)" transform="translate(232 2221)"><g clip-path="url(#6r7ozri4zc)" transform="translate(-8.75 2.5)"><path stroke="#767676" stroke-miterlimit="5" d="m8.75 12.188-5.143 2.51.982-5.318L.43 5.614l5.75-.776L8.75 0l2.572 4.838 5.75.776L12.91 9.38l.982 5.318-5.143-2.51z"></path></g></g></g></svg></span><span><svg xmlns="http://www.w3.org/2000/svg" width="10" height="20" viewBox="0 0 10 20" class="oct-icon" aria-hidden="true" aria-label="" style="height: 14px; width: auto; fill: rgb(255, 204, 0);"><g clip-path="url(#3b8wbmf19a)" transform="translate(-202 -2221)"><g clip-path="url(#n79ah32ilb)" transform="translate(202 2221)"><g clip-path="url(#h1bi9j7dcc)" transform="translate(1.25 2.5)"><path stroke="#767676" stroke-miterlimit="5" d="m8.75 12.188-5.143 2.51.982-5.318L.43 5.614l5.75-.776L8.75 0l2.572 4.838 5.75.776L12.91 9.38l.982 5.318-5.143-2.51z"></path></g></g></g></svg><svg xmlns="http://www.w3.org/2000/svg" width="10" height="20" viewBox="0 0 10 20" class="oct-icon" aria-hidden="true" aria-label="" style="height: 14px; width: auto; fill: rgb(255, 204, 0);"><g clip-path="url(#7gjj25igta)" transform="translate(-232 -2221)"><g clip-path="url(#dvqif6313b)" transform="translate(232 2221)"><g clip-path="url(#6r7ozri4zc)" transform="translate(-8.75 2.5)"><path stroke="#767676" stroke-miterlimit="5" d="m8.75 12.188-5.143 2.51.982-5.318L.43 5.614l5.75-.776L8.75 0l2.572 4.838 5.75.776L12.91 9.38l.982 5.318-5.143-2.51z"></path></g></g></g></svg></span><span><svg xmlns="http://www.w3.org/2000/svg" width="10" height="20" viewBox="0 0 10 20" class="oct-icon" aria-hidden="true" aria-label="" style="height: 14px; width: auto; fill: rgb(255, 204, 0);"><g clip-path="url(#3b8wbmf19a)" transform="translate(-202 -2221)"><g clip-path="url(#n79ah32ilb)" transform="translate(202 2221)"><g clip-path="url(#h1bi9j7dcc)" transform="translate(1.25 2.5)"><path stroke="#767676" stroke-miterlimit="5" d="m8.75 12.188-5.143 2.51.982-5.318L.43 5.614l5.75-.776L8.75 0l2.572 4.838 5.75.776L12.91 9.38l.982 5.318-5.143-2.51z"></path></g></g></g></svg><svg xmlns="http://www.w3.org/2000/svg" width="10" height="20" viewBox="0 0 10 20" class="oct-icon" aria-hidden="true" aria-label="" style="height: 14px; width: auto; fill: rgb(255, 204, 0);"><g clip-path="url(#7gjj25igta)" transform="translate(-232 -2221)"><g clip-path="url(#dvqif6313b)" transform="translate(232 2221)"><g clip-path="url(#6r7ozri4zc)" transform="translate(-8.75 2.5)"><path stroke="#767676" stroke-miterlimit="5" d="m8.75 12.188-5.143 2.51.982-5.318L.43 5.614l5.75-.776L8.75 0l2.572 4.838 5.75.776L12.91 9.38l.982 5.318-5.143-2.51z"></path></g></g></g></svg></span><span><svg xmlns="http://www.w3.org/2000/svg" width="10" height="20" viewBox="0 0 10 20" class="oct-icon" aria-hidden="true" aria-label="" style="height: 14px; width: auto; fill: rgb(255, 204, 0);"><g clip-path="url(#3b8wbmf19a)" transform="translate(-202 -2221)"><g clip-path="url(#n79ah32ilb)" transform="translate(202 2221)"><g clip-path="url(#h1bi9j7dcc)" transform="translate(1.25 2.5)"><path stroke="#767676" stroke-miterlimit="5" d="m8.75 12.188-5.143 2.51.982-5.318L.43 5.614l5.75-.776L8.75 0l2.572 4.838 5.75.776L12.91 9.38l.982 5.318-5.143-2.51z"></path></g></g></g></svg><svg xmlns="http://www.w3.org/2000/svg" width="10" height="20" viewBox="0 0 10 20" class="oct-icon" aria-hidden="true" aria-label="" style="height: 14px; width: auto; fill: rgb(255, 204, 0);"><g clip-path="url(#7gjj25igta)" transform="translate(-232 -2221)"><g clip-path="url(#dvqif6313b)" transform="translate(232 2221)"><g clip-path="url(#6r7ozri4zc)" transform="translate(-8.75 2.5)"><path stroke="#767676" stroke-miterlimit="5" d="m8.75 12.188-5.143 2.51.982-5.318L.43 5.614l5.75-.776L8.75 0l2.572 4.838 5.75.776L12.91 9.38l.982 5.318-5.143-2.51z"></path></g></g></g></svg></span></div><div class="oct-reviews__optionalText"><a href="https://www.boots.com/round-lab-1025-dokdo-cream-80ml-10352049#BVRRContainer" class="oct-link oct-link--theme-text oct-color--boots-blue oct-reviews__count" aria-label="5 stars out of 5. 5 reviews"><span class="oct-reviews__optionalTextCount">(5)</span></a></div></div></div><div class="oct-teaser__offer__container" aria-label=""><div class="oct-teaser__wrap"><button data-testid="button" class="oct-button oct-button--ellipses oct-button--cta oct-button--cta-default oct-button--cta-default-responsive oct-teaser__offer oct-teaser__offer--isAvailable oct-button--cta-custom" aria-label="Save 10 percent on selected Beauty Skincare"><div class="oct-button__content">Save 10 percent on selected Beauty Skincare</div></button></div></div><div class="oct-teaser__price-wrapper oct-teaser__price-wrapper--saving oct-teaser__price-wrapper--current"><div class="oct-teaser__price-col1-wrapper"><p class="oct-text oct-text--standard oct-text--size_m oct-aem-text oct-aem-text--p--variant-subtext oct-teaser__productPrice" data-testid="text">£22.50</p><div class="oct-teaser__product-price-wrapper"><p class="oct-text oct-text--standard oct-text--size_m oct-aem-text oct-aem-text--p--variant-subtext oct-teaser__productPriceSave" data-testid="text">Save £2.50</p></div><p class="oct-text oct-text--standard oct-text--size_m oct-aem-text oct-aem-text--p--variant-subtext oct-teaser__productPriceWas" data-testid="text">Was £25.00</p></div></div><div class="oct-teaser__price-detail-wrapper"><p class="oct-text oct-text--standard oct-text--size_m oct-aem-text oct-aem-text--p--variant-subtext oct-teaser__productPriceDetail" data-testid="text">80ML | £28.13 per 100ML</p></div></div><div class="oct-teaser__calls-to-action oct-teaser__calls-to-action--two oct-teaser__calls-to-action--left"></div></div></div><div class="oct-teaser__foreground"><a href="https://www.boots.com/round-lab-1025-dokdo-cream-80ml-10352049" class="oct-link oct-link--theme-text oct-color--boots-blue oct-teaser-wrapper-link" tabindex="-1" aria-hidden="true" data-promo-creative="25% teaser" data-promo-position=""><div class="oct-image-link-wrapper"><img src="https://boots.scene7.com/is/image/Boots/10352049?op_sharpen=1" alt="Foreground image" class="oct-image oct-image--lazy" data-testid="lazy-image" decoding="async" loading="lazy"></div></a></div><div class="oct-teaser__calls-to-action oct-add-to-basket-callToAction oct-add-to-basket-callToAction--with-lister-basket"><div class="oct-add-to-basket"><div class="oct-input__iconContainer"><div></div><input type="hidden" class="oct-input" id="cmProductName_3031682" autocomplete="off" value="Round Lab 1025 Dokdo Cream 80ml (10352049.P)" style=""></div><div class="oct-input__iconContainer"><div></div><input type="hidden" class="oct-input" id="catalogEntry_ID" name="catalogEntry_ID" autocomplete="off" value="3031682" style=""></div><div class="oct-input__iconContainer"><div></div><input type="hidden" class="oct-input" id="dlProductId_3031682" name="dlProductId_3031682" autocomplete="off" value="10352049.P" style=""></div><div class="oct-input__iconContainer"><div></div><input type="hidden" class="oct-input" id="dlProductName_3031682" name="dlProductName_3031682" autocomplete="off" value="Round Lab 1025 Dokdo Cream 80ml" style=""></div><div class="oct-input__iconContainer"><div></div><input type="hidden" class="oct-input" id="dlParentCatentryID_10352049.P" name="dlParentCatentryID_10352049.P" autocomplete="off" value="3031682" style=""></div><div class="oct-input__iconContainer"><div></div><input type="hidden" class="oct-input" id="dlPackagePartNumber_3031682" name="dlPackagePartNumber_3031682" autocomplete="off" value="" style=""></div><div class="oct-add-to-basket__product_info-container"><div class="oct-add-to-basket__product_add noQuickBuy"><div class="oct-add-to-basket__quickBuySLPContainer quickBuySLPContainer"></div><div class="oct-add-to-basket__shopperActions shopperActions oct-add-to-basket__plp_shopperActions_redesign plp_shopperActions_redesign" id="shopperActionsRedesign3031682"><p class="oct-text oct-text--standard oct-text--size_m oct-aem-text oct-aem-text--p--variant-1 oct-add-to-basket__qty-errorMax qty_errorMax" data-testid="text" id="quantity_msg_3031682">Maximum quantity reached</p><div class="oct-add-to-basket__quantity-section quantity_section quantity_section_redesign" id="quantity_section_3031682"><button data-testid="button" class="oct-button oct-button--ellipses oct-button--cta oct-button--cta-default oct-button--cta-default-primaryTransparent oct-button--cta-default-responsive oct-aem-cta oct-add-to-basket__minus-quantity plus_quantity_disabled minus_quantity_redesign plus_quantity_disabled_redesign control-buttons oct-button--cta-midnight-blue-primary" to="" id="desreseQty_3031682" aria-label="Decrease Quantity Round Lab 1025 Dokdo Cream 80ml" aria-hidden="false" data-icon="–"><div class="oct-button__content"></div></button><div class="oct-input__iconContainer"><div></div><input type="text" class="oct-input oct-add-to-basket__quantity-input quantity_input quantity_input_redesign" aria-label="quantity" name="quantity_$3031682" id="quantity_3031682" readonly="" maxlength="2" tabindex="-1" value="1" style=""></div><button data-testid="button" class="oct-button oct-button--ellipses oct-button--cta oct-button--cta-default oct-button--cta-default-primaryTransparent oct-button--cta-default-responsive oct-aem-cta oct-add-to-basket__plus-quantity plus_quantity plus_quantity_redesign control-buttons oct-button--cta-midnight-blue-primary" to="" id="increseQty_3031682" aria-label="Increase Quantity Round Lab 1025 Dokdo Cream 80ml" aria-hidden="false" data-icon="+"><div class="oct-button__content"></div></button><div class="oct-add-to-basket__quantity-label quantity_label">in your basket</div></div><div class="oct-input__iconContainer"><div></div><input type="hidden" class="oct-input" name="freeGiftId_3031682" id="freeGiftId_3031682" value="" style=""></div><button data-testid="button" class="oct-button oct-button--ellipses oct-button--cta oct-button--cta-default oct-button--cta-default-primaryTransparent oct-button--cta-default-responsive oct-aem-cta oct-add-to-basket_button oct-button--cta-midnight-blue-primary" to="" id="add2CartBtn_3031682" eeindex="2" data-shop5="" aria-label="Add Round Lab 1025 Dokdo Cream 80ml to basket"><div class="oct-button__content"><span class="oct-add-to-basket_button_text button_text button_text_redesign">Add to basket</span></div></button><div class="oct-input__iconContainer"><div></div><input type="hidden" class="oct-input" id="lister_orderItemId_3031682" name="lister_orderItemId" value="" style=""></div><div class="oct-input__iconContainer"><div></div><input type="hidden" class="oct-input" id="lister_orderItemQty_3031682" name="lister_orderItemId" value="0" style=""></div><div class="oct-add-to-basket--overlay" data-testid="oct-add-to-basket"><div class="oct-add-to-basket__overlay-popup oct-overlay-popup" id="basket_confirmation_popup_overlay"></div><div id="basket_confirmation_overlay_3031682" class="oct-add-to-basket__overlay-popup__dialog" style="display: none;"><div class="oct-add-to-basket__overlay-focus" role="dialog" aria-labelledby="3031682-dialog-message"><p class="oct-text oct-text--standard oct-text--size_m oct-aem-text oct-aem-text--p--variant-1 oct-add-to-basket__text" data-testid="text" id="3031682-dialog-message">Are you sure you want to remove this product?</p><a class="oct-link oct-link--theme-text oct-color--boots-blue oct-add-to-basket__close-btn" tabindex="0" title="Close overlay" role="button" aria-label="Close overlay">x</a><div class="row"><button data-testid="button" class="oct-button oct-button--default oct-button--default-default oct-button--default-default-responsive oct-add-to-basket__button-secondary oct-add-to-basket__button button" role="button"><div class="oct-button__content">Yes</div></button><button data-testid="button" class="oct-button oct-button--default oct-button--default-default oct-button--default-default-responsive oct-add-to-basket__button-tertiary oct-add-to-basket__button button" role="button"><div class="oct-button__content">No</div></button></div></div></div></div></div></div></div><div id="entitledItem_3031682" style="display: none;">[ { "catentry_id" : 3031683, "Attributes" : { }, "ItemImage" :
          "/wcsstore/eBootsStorefrontAssetStore/images/NoImageIcon.jpg",
          "ItemImage467" :
          "/wcsstore/eBootsStorefrontAssetStore/images/NoImageIcon.jpg",
          "ItemThumbnailImage" :
          "/wcsstore/eBootsStorefrontAssetStore/images/NoImageIcon_sm.jpg" } ]</div></div></div></div></div></div><div data-testid="cell" class="oct-grid__cell oct-grid__cell--width-3 oct-grid__cell--small-6 oct-grid__cell--medium-small-4 oct-grid__cell--medium-4 oct-grid__cell--medium-large-4 oct-listers-hits__item hit oct-listers__item--with-inGrid" data-insights-position="34" data-insights-query-id="9e35482c34e960965eebfb9265ec00be" data-insights-object-id="2998654" data-productid="10347816.P"><div class="oct-teaser-wrapper oct-teaser-with-basket oct-teaser-with-basket--productTile oct-teaser-with-lister-basket oct-teaser--listers oct-teaser--listers-default"><div class="oct-teaser oct-teaser--theme-productTile oct-teaser--border" style="text-align: left;"><div class="oct-teaser__promotion-offer-roundel-wrapper"><div class="oct-teaser__promotion-offer-roundel-item oct-teaser__promotion-offer-roundel-item--offer" aria-label="Item on offer" role="img">Offer</div></div><div class="oct-add-to-favorites" tabindex="0" role="checkbox" aria-checked="false" aria-label="Add item to favourites"><span class="oct-add-to-favorites__icon"></span></div><div class="oct-teaser__contents oct-teaser__contents--only-foreground-image"><div class="oct-teaser__contents-panel oct-teaser__contents-panel"><div class="oct-teaser__contents-panel--main-content"><div><img src="data:image/svg+xml;base64,PHN2ZyB4bWxucz0iaHR0cDovL3d3dy53My5vcmcvMjAwMC9zdmciIHdpZHRoPSIzMjUiIGhlaWdodD0iMzI1Ij48cmVjdCB3aWR0aD0iMTAwJSIgaGVpZ2h0PSIxMDAlIiBzdHlsZT0iZmlsbDojZjJmMmYyIi8+PC9zdmc+" alt="test" class="oct-image oct-teaser__contents-panel__logo oct-teaser__contents-panel__logo--small oct-image--lazy" data-testid="lazy-image" decoding="async" loading="lazy"></div><a href="https://www.boots.com/dr-jart-cicapair-travel-set-10347816" class="oct-link oct-link--theme-text oct-color--boots-blue oct-teaser__title-link" aria-label="" title="Dr Jart+ cicapair travel set"><h3 class="oct-text oct-text--standard oct-text--size_m oct-aem-text oct-aem-text--h3--variant-1 oct-teaser__subtitle" data-testid="text">none</h3><div><h3 class="oct-text oct-text--standard oct-text--size_m oct-aem-text oct-aem-text--h3--variant-2 oct-teaser__title oct-teaser-with-listers" data-testid="text">Dr Jart+ cicapair travel set</h3></div></a><div class="oct-reviews__reviews-container" aria-label=""><div class="oct-reviews"><div class="oct-reviews__icons" data-testid="reviews__icons"><span><svg xmlns="http://www.w3.org/2000/svg" width="10" height="20" viewBox="0 0 10 20" class="oct-icon" aria-hidden="true" aria-label="" style="height: 14px; width: auto; fill: rgb(255, 204, 0);"><g clip-path="url(#3b8wbmf19a)" transform="translate(-202 -2221)"><g clip-path="url(#n79ah32ilb)" transform="translate(202 2221)"><g clip-path="url(#h1bi9j7dcc)" transform="translate(1.25 2.5)"><path stroke="#767676" stroke-miterlimit="5" d="m8.75 12.188-5.143 2.51.982-5.318L.43 5.614l5.75-.776L8.75 0l2.572 4.838 5.75.776L12.91 9.38l.982 5.318-5.143-2.51z"></path></g></g></g></svg><svg xmlns="http://www.w3.org/2000/svg" width="10" height="20" viewBox="0 0 10 20" class="oct-icon" aria-hidden="true" aria-label="" style="height: 14px; width: auto; fill: rgb(255, 204, 0);"><g clip-path="url(#7gjj25igta)" transform="translate(-232 -2221)"><g clip-path="url(#dvqif6313b)" transform="translate(232 2221)"><g clip-path="url(#6r7ozri4zc)" transform="translate(-8.75 2.5)"><path stroke="#767676" stroke-miterlimit="5" d="m8.75 12.188-5.143 2.51.982-5.318L.43 5.614l5.75-.776L8.75 0l2.572 4.838 5.75.776L12.91 9.38l.982 5.318-5.143-2.51z"></path></g></g></g></svg></span><span><svg xmlns="http://www.w3.org/2000/svg" width="10" height="20" viewBox="0 0 10 20" class="oct-icon" aria-hidden="true" aria-label="" style="height: 14px; width: auto; fill: rgb(255, 204, 0);"><g clip-path="url(#3b8wbmf19a)" transform="translate(-202 -2221)"><g clip-path="url(#n79ah32ilb)" transform="translate(202 2221)"><g clip-path="url(#h1bi9j7dcc)" transform="translate(1.25 2.5)"><path stroke="#767676" stroke-miterlimit="5" d="m8.75 12.188-5.143 2.51.982-5.318L.43 5.614l5.75-.776L8.75 0l2.572 4.838 5.75.776L12.91 9.38l.982 5.318-5.143-2.51z"></path></g></g></g></svg><svg xmlns="http://www.w3.org/2000/svg" width="10" height="20" viewBox="0 0 10 20" class="oct-icon" aria-hidden="true" aria-label="" style="height: 14px; width: auto; fill: rgb(255, 204, 0);"><g clip-path="url(#7gjj25igta)" transform="translate(-232 -2221)"><g clip-path="url(#dvqif6313b)" transform="translate(232 2221)"><g clip-path="url(#6r7ozri4zc)" transform="translate(-8.75 2.5)"><path stroke="#767676" stroke-miterlimit="5" d="m8.75 12.188-5.143 2.51.982-5.318L.43 5.614l5.75-.776L8.75 0l2.572 4.838 5.75.776L12.91 9.38l.982 5.318-5.143-2.51z"></path></g></g></g></svg></span><span><svg xmlns="http://www.w3.org/2000/svg" width="10" height="20" viewBox="0 0 10 20" class="oct-icon" aria-hidden="true" aria-label="" style="height: 14px; width: auto; fill: rgb(255, 204, 0);"><g clip-path="url(#3b8wbmf19a)" transform="translate(-202 -2221)"><g clip-path="url(#n79ah32ilb)" transform="translate(202 2221)"><g clip-path="url(#h1bi9j7dcc)" transform="translate(1.25 2.5)"><path stroke="#767676" stroke-miterlimit="5" d="m8.75 12.188-5.143 2.51.982-5.318L.43 5.614l5.75-.776L8.75 0l2.572 4.838 5.75.776L12.91 9.38l.982 5.318-5.143-2.51z"></path></g></g></g></svg><svg xmlns="http://www.w3.org/2000/svg" width="10" height="20" viewBox="0 0 10 20" class="oct-icon" aria-hidden="true" aria-label="" style="height: 14px; width: auto; fill: rgb(255, 204, 0);"><g clip-path="url(#7gjj25igta)" transform="translate(-232 -2221)"><g clip-path="url(#dvqif6313b)" transform="translate(232 2221)"><g clip-path="url(#6r7ozri4zc)" transform="translate(-8.75 2.5)"><path stroke="#767676" stroke-miterlimit="5" d="m8.75 12.188-5.143 2.51.982-5.318L.43 5.614l5.75-.776L8.75 0l2.572 4.838 5.75.776L12.91 9.38l.982 5.318-5.143-2.51z"></path></g></g></g></svg></span><span><svg xmlns="http://www.w3.org/2000/svg" width="10" height="20" viewBox="0 0 10 20" class="oct-icon" aria-hidden="true" aria-label="" style="height: 14px; width: auto; fill: rgb(255, 204, 0);"><g clip-path="url(#3b8wbmf19a)" transform="translate(-202 -2221)"><g clip-path="url(#n79ah32ilb)" transform="translate(202 2221)"><g clip-path="url(#h1bi9j7dcc)" transform="translate(1.25 2.5)"><path stroke="#767676" stroke-miterlimit="5" d="m8.75 12.188-5.143 2.51.982-5.318L.43 5.614l5.75-.776L8.75 0l2.572 4.838 5.75.776L12.91 9.38l.982 5.318-5.143-2.51z"></path></g></g></g></svg><svg xmlns="http://www.w3.org/2000/svg" width="10" height="20" viewBox="0 0 10 20" class="oct-icon" aria-hidden="true" aria-label="" style="height: 14px; width: auto; fill: rgb(255, 204, 0);"><g clip-path="url(#7gjj25igta)" transform="translate(-232 -2221)"><g clip-path="url(#dvqif6313b)" transform="translate(232 2221)"><g clip-path="url(#6r7ozri4zc)" transform="translate(-8.75 2.5)"><path stroke="#767676" stroke-miterlimit="5" d="m8.75 12.188-5.143 2.51.982-5.318L.43 5.614l5.75-.776L8.75 0l2.572 4.838 5.75.776L12.91 9.38l.982 5.318-5.143-2.51z"></path></g></g></g></svg></span><span><svg xmlns="http://www.w3.org/2000/svg" width="10" height="20" viewBox="0 0 10 20" class="oct-icon" aria-hidden="true" aria-label="" style="height: 14px; width: auto; fill: rgb(255, 204, 0);"><g clip-path="url(#3b8wbmf19a)" transform="translate(-202 -2221)"><g clip-path="url(#n79ah32ilb)" transform="translate(202 2221)"><g clip-path="url(#h1bi9j7dcc)" transform="translate(1.25 2.5)"><path stroke="#767676" stroke-miterlimit="5" d="m8.75 12.188-5.143 2.51.982-5.318L.43 5.614l5.75-.776L8.75 0l2.572 4.838 5.75.776L12.91 9.38l.982 5.318-5.143-2.51z"></path></g></g></g></svg><svg xmlns="http://www.w3.org/2000/svg" width="10" height="20" viewBox="0 0 10 20" class="oct-icon" aria-hidden="true" aria-label="" style="height: 14px; width: auto; fill: rgb(255, 204, 0);"><g clip-path="url(#7gjj25igta)" transform="translate(-232 -2221)"><g clip-path="url(#dvqif6313b)" transform="translate(232 2221)"><g clip-path="url(#6r7ozri4zc)" transform="translate(-8.75 2.5)"><path stroke="#767676" stroke-miterlimit="5" d="m8.75 12.188-5.143 2.51.982-5.318L.43 5.614l5.75-.776L8.75 0l2.572 4.838 5.75.776L12.91 9.38l.982 5.318-5.143-2.51z"></path></g></g></g></svg></span></div><div class="oct-reviews__optionalText"><a href="https://www.boots.com/dr-jart-cicapair-travel-set-10347816#BVRRContainer" class="oct-link oct-link--theme-text oct-color--boots-blue oct-reviews__count" aria-label="5 stars out of 5. 1 reviews"><span class="oct-reviews__optionalTextCount">(1)</span></a></div></div></div><div class="oct-teaser__offer__container" aria-label=""><div class="oct-teaser__wrap"><button data-testid="button" class="oct-button oct-button--ellipses oct-button--cta oct-button--cta-default oct-button--cta-default-responsive oct-teaser__offer oct-teaser__offer--isAvailable oct-button--cta-custom" aria-label="Save up to 25 percent on selected Premium Beauty"><div class="oct-button__content">Save up to 25 percent on selected Premium Beauty</div></button></div></div><div class="oct-teaser__price-wrapper oct-teaser__price-wrapper--saving oct-teaser__price-wrapper--current"><div class="oct-teaser__price-col1-wrapper"><p class="oct-text oct-text--standard oct-text--size_m oct-aem-text oct-aem-text--p--variant-subtext oct-teaser__productPrice" data-testid="text">£19.20</p><div class="oct-teaser__product-price-wrapper"><p class="oct-text oct-text--standard oct-text--size_m oct-aem-text oct-aem-text--p--variant-subtext oct-teaser__productPriceSave" data-testid="text">Save £4.80</p></div><p class="oct-text oct-text--standard oct-text--size_m oct-aem-text oct-aem-text--p--variant-subtext oct-teaser__productPriceWas" data-testid="text">Was £24.00</p></div></div><div class="oct-teaser__price-detail-wrapper"><p class="oct-text oct-text--standard oct-text--size_m oct-aem-text oct-aem-text--p--variant-subtext oct-teaser__productPriceDetail" data-testid="text"></p></div></div><div class="oct-teaser__calls-to-action oct-teaser__calls-to-action--two oct-teaser__calls-to-action--left"></div></div></div><div class="oct-teaser__foreground"><a href="https://www.boots.com/dr-jart-cicapair-travel-set-10347816" class="oct-link oct-link--theme-text oct-color--boots-blue oct-teaser-wrapper-link" tabindex="-1" aria-hidden="true" data-promo-creative="25% teaser" data-promo-position=""><div class="oct-image-link-wrapper"><img src="https://boots.scene7.com/is/image/Boots/10347816?op_sharpen=1" alt="Foreground image" class="oct-image oct-image--lazy" data-testid="lazy-image" decoding="async" loading="lazy"></div></a></div><div class="oct-teaser__calls-to-action oct-add-to-basket-callToAction oct-add-to-basket-callToAction--with-lister-basket"><div class="oct-add-to-basket"><div class="oct-input__iconContainer"><div></div><input type="hidden" class="oct-input" id="cmProductName_2998653" autocomplete="off" value="Dr Jart+ cicapair travel set (10347816.P)" style=""></div><div class="oct-input__iconContainer"><div></div><input type="hidden" class="oct-input" id="catalogEntry_ID" name="catalogEntry_ID" autocomplete="off" value="2998653" style=""></div><div class="oct-input__iconContainer"><div></div><input type="hidden" class="oct-input" id="dlProductId_2998653" name="dlProductId_2998653" autocomplete="off" value="10347816.P" style=""></div><div class="oct-input__iconContainer"><div></div><input type="hidden" class="oct-input" id="dlProductName_2998653" name="dlProductName_2998653" autocomplete="off" value="Dr Jart+ cicapair travel set" style=""></div><div class="oct-input__iconContainer"><div></div><input type="hidden" class="oct-input" id="dlParentCatentryID_10347816.P" name="dlParentCatentryID_10347816.P" autocomplete="off" value="2998653" style=""></div><div class="oct-input__iconContainer"><div></div><input type="hidden" class="oct-input" id="dlPackagePartNumber_2998653" name="dlPackagePartNumber_2998653" autocomplete="off" value="" style=""></div><div class="oct-add-to-basket__product_info-container"><div class="oct-add-to-basket__product_add noQuickBuy"><div class="oct-add-to-basket__quickBuySLPContainer quickBuySLPContainer"></div><div class="oct-add-to-basket__shopperActions shopperActions oct-add-to-basket__plp_shopperActions_redesign plp_shopperActions_redesign" id="shopperActionsRedesign2998653"><p class="oct-text oct-text--standard oct-text--size_m oct-aem-text oct-aem-text--p--variant-1 oct-add-to-basket__qty-errorMax qty_errorMax" data-testid="text" id="quantity_msg_2998653">Maximum quantity reached</p><div class="oct-add-to-basket__quantity-section quantity_section quantity_section_redesign" id="quantity_section_2998653"><button data-testid="button" class="oct-button oct-button--ellipses oct-button--cta oct-button--cta-default oct-button--cta-default-primaryTransparent oct-button--cta-default-responsive oct-aem-cta oct-add-to-basket__minus-quantity plus_quantity_disabled minus_quantity_redesign plus_quantity_disabled_redesign control-buttons oct-button--cta-midnight-blue-primary" to="" id="desreseQty_2998653" aria-label="Decrease Quantity Dr Jart+ cicapair travel set" aria-hidden="false" data-icon="–"><div class="oct-button__content"></div></button><div class="oct-input__iconContainer"><div></div><input type="text" class="oct-input oct-add-to-basket__quantity-input quantity_input quantity_input_redesign" aria-label="quantity" name="quantity_$2998653" id="quantity_2998653" readonly="" maxlength="2" tabindex="-1" value="1" style=""></div><button data-testid="button" class="oct-button oct-button--ellipses oct-button--cta oct-button--cta-default oct-button--cta-default-primaryTransparent oct-button--cta-default-responsive oct-aem-cta oct-add-to-basket__plus-quantity plus_quantity plus_quantity_redesign control-buttons oct-button--cta-midnight-blue-primary" to="" id="increseQty_2998653" aria-label="Increase Quantity Dr Jart+ cicapair travel set" aria-hidden="false" data-icon="+"><div class="oct-button__content"></div></button><div class="oct-add-to-basket__quantity-label quantity_label">in your basket</div></div><div class="oct-input__iconContainer"><div></div><input type="hidden" class="oct-input" name="freeGiftId_2998653" id="freeGiftId_2998653" value="" style=""></div><button data-testid="button" class="oct-button oct-button--ellipses oct-button--cta oct-button--cta-default oct-button--cta-default-primaryTransparent oct-button--cta-default-responsive oct-aem-cta oct-add-to-basket_button oct-button--cta-midnight-blue-primary" to="" id="add2CartBtn_2998653" eeindex="2" data-shop5="" aria-label="Add Dr Jart+ cicapair travel set to basket"><div class="oct-button__content"><span class="oct-add-to-basket_button_text button_text button_text_redesign">Add to basket</span></div></button><div class="oct-input__iconContainer"><div></div><input type="hidden" class="oct-input" id="lister_orderItemId_2998653" name="lister_orderItemId" value="" style=""></div><div class="oct-input__iconContainer"><div></div><input type="hidden" class="oct-input" id="lister_orderItemQty_2998653" name="lister_orderItemId" value="0" style=""></div><div class="oct-add-to-basket--overlay" data-testid="oct-add-to-basket"><div class="oct-add-to-basket__overlay-popup oct-overlay-popup" id="basket_confirmation_popup_overlay"></div><div id="basket_confirmation_overlay_2998653" class="oct-add-to-basket__overlay-popup__dialog" style="display: none;"><div class="oct-add-to-basket__overlay-focus" role="dialog" aria-labelledby="2998653-dialog-message"><p class="oct-text oct-text--standard oct-text--size_m oct-aem-text oct-aem-text--p--variant-1 oct-add-to-basket__text" data-testid="text" id="2998653-dialog-message">Are you sure you want to remove this product?</p><a class="oct-link oct-link--theme-text oct-color--boots-blue oct-add-to-basket__close-btn" tabindex="0" title="Close overlay" role="button" aria-label="Close overlay">x</a><div class="row"><button data-testid="button" class="oct-button oct-button--default oct-button--default-default oct-button--default-default-responsive oct-add-to-basket__button-secondary oct-add-to-basket__button button" role="button"><div class="oct-button__content">Yes</div></button><button data-testid="button" class="oct-button oct-button--default oct-button--default-default oct-button--default-default-responsive oct-add-to-basket__button-tertiary oct-add-to-basket__button button" role="button"><div class="oct-button__content">No</div></button></div></div></div></div></div></div></div><div id="entitledItem_2998653" style="display: none;">[ { "catentry_id" : 2998654, "Attributes" : { }, "ItemImage" :
          "/wcsstore/eBootsStorefrontAssetStore/images/NoImageIcon.jpg",
          "ItemImage467" :
          "/wcsstore/eBootsStorefrontAssetStore/images/NoImageIcon.jpg",
          "ItemThumbnailImage" :
          "/wcsstore/eBootsStorefrontAssetStore/images/NoImageIcon_sm.jpg" } ]</div></div></div></div></div></div><div data-testid="cell" class="oct-grid__cell oct-grid__cell--width-3 oct-grid__cell--small-6 oct-grid__cell--medium-small-4 oct-grid__cell--medium-4 oct-grid__cell--medium-large-4 oct-listers-hits__item hit oct-listers__item--with-inGrid" data-insights-position="35" data-insights-query-id="9e35482c34e960965eebfb9265ec00be" data-insights-object-id="3100722" data-productid="10359735.P"><div class="oct-teaser-wrapper oct-teaser-with-basket oct-teaser-with-basket--productTile oct-teaser-with-lister-basket oct-teaser--listers oct-teaser--listers-default"><div class="oct-teaser oct-teaser--theme-productTile oct-teaser--border" style="text-align: left;"><div class="oct-teaser__promotion-offer-roundel-wrapper"><div class="oct-teaser__promotion-offer-roundel-item oct-teaser__promotion-offer-roundel-item--offer" aria-label="Item on offer" role="img">Offer</div></div><div class="oct-add-to-favorites" tabindex="0" role="checkbox" aria-checked="false" aria-label="Add item to favourites"><span class="oct-add-to-favorites__icon"></span></div><div class="oct-teaser__contents oct-teaser__contents--only-foreground-image"><div class="oct-teaser__contents-panel oct-teaser__contents-panel"><div class="oct-teaser__contents-panel--main-content"><div><img src="data:image/svg+xml;base64,PHN2ZyB4bWxucz0iaHR0cDovL3d3dy53My5vcmcvMjAwMC9zdmciIHdpZHRoPSIzMjUiIGhlaWdodD0iMzI1Ij48cmVjdCB3aWR0aD0iMTAwJSIgaGVpZ2h0PSIxMDAlIiBzdHlsZT0iZmlsbDojZjJmMmYyIi8+PC9zdmc+" alt="test" class="oct-image oct-teaser__contents-panel__logo oct-teaser__contents-panel__logo--small oct-image--lazy" data-testid="lazy-image" decoding="async" loading="lazy"></div><a href="https://www.boots.com/la-roche-posay-effaclar-duoandm-multi-action-spot-patch-with-hydrocolloid-technology-22-patches-10359735" class="oct-link oct-link--theme-text oct-color--boots-blue oct-teaser__title-link" aria-label="" title="La Roche Posay Effaclar Duo+M Multi-Action Spot Patch with Hydrocolloid Technology, 22 Patches (Available in 2 sizes)"><h3 class="oct-text oct-text--standard oct-text--size_m oct-aem-text oct-aem-text--h3--variant-1 oct-teaser__subtitle" data-testid="text">none</h3><div><h3 class="oct-text oct-text--standard oct-text--size_m oct-aem-text oct-aem-text--h3--variant-2 oct-teaser__title oct-teaser-with-listers" data-testid="text">La Roche Posay Effaclar Duo+M Multi-Action Spot Patch with Hydrocolloid Technology, 22 Patches (Available in 2 sizes)</h3></div></a><div class="oct-reviews__reviews-container" aria-label=""><div class="oct-reviews"><div class="oct-reviews__icons" data-testid="reviews__icons"><span><svg xmlns="http://www.w3.org/2000/svg" width="10" height="20" viewBox="0 0 10 20" class="oct-icon" aria-hidden="true" aria-label="" style="height: 14px; width: auto; fill: rgb(255, 204, 0);"><g clip-path="url(#3b8wbmf19a)" transform="translate(-202 -2221)"><g clip-path="url(#n79ah32ilb)" transform="translate(202 2221)"><g clip-path="url(#h1bi9j7dcc)" transform="translate(1.25 2.5)"><path stroke="#767676" stroke-miterlimit="5" d="m8.75 12.188-5.143 2.51.982-5.318L.43 5.614l5.75-.776L8.75 0l2.572 4.838 5.75.776L12.91 9.38l.982 5.318-5.143-2.51z"></path></g></g></g></svg><svg xmlns="http://www.w3.org/2000/svg" width="10" height="20" viewBox="0 0 10 20" class="oct-icon" aria-hidden="true" aria-label="" style="height: 14px; width: auto; fill: rgb(255, 204, 0);"><g clip-path="url(#7gjj25igta)" transform="translate(-232 -2221)"><g clip-path="url(#dvqif6313b)" transform="translate(232 2221)"><g clip-path="url(#6r7ozri4zc)" transform="translate(-8.75 2.5)"><path stroke="#767676" stroke-miterlimit="5" d="m8.75 12.188-5.143 2.51.982-5.318L.43 5.614l5.75-.776L8.75 0l2.572 4.838 5.75.776L12.91 9.38l.982 5.318-5.143-2.51z"></path></g></g></g></svg></span><span><svg xmlns="http://www.w3.org/2000/svg" width="10" height="20" viewBox="0 0 10 20" class="oct-icon" aria-hidden="true" aria-label="" style="height: 14px; width: auto; fill: rgb(255, 204, 0);"><g clip-path="url(#3b8wbmf19a)" transform="translate(-202 -2221)"><g clip-path="url(#n79ah32ilb)" transform="translate(202 2221)"><g clip-path="url(#h1bi9j7dcc)" transform="translate(1.25 2.5)"><path stroke="#767676" stroke-miterlimit="5" d="m8.75 12.188-5.143 2.51.982-5.318L.43 5.614l5.75-.776L8.75 0l2.572 4.838 5.75.776L12.91 9.38l.982 5.318-5.143-2.51z"></path></g></g></g></svg><svg xmlns="http://www.w3.org/2000/svg" width="10" height="20" viewBox="0 0 10 20" class="oct-icon" aria-hidden="true" aria-label="" style="height: 14px; width: auto; fill: rgb(255, 204, 0);"><g clip-path="url(#7gjj25igta)" transform="translate(-232 -2221)"><g clip-path="url(#dvqif6313b)" transform="translate(232 2221)"><g clip-path="url(#6r7ozri4zc)" transform="translate(-8.75 2.5)"><path stroke="#767676" stroke-miterlimit="5" d="m8.75 12.188-5.143 2.51.982-5.318L.43 5.614l5.75-.776L8.75 0l2.572 4.838 5.75.776L12.91 9.38l.982 5.318-5.143-2.51z"></path></g></g></g></svg></span><span><svg xmlns="http://www.w3.org/2000/svg" width="10" height="20" viewBox="0 0 10 20" class="oct-icon" aria-hidden="true" aria-label="" style="height: 14px; width: auto; fill: rgb(255, 204, 0);"><g clip-path="url(#3b8wbmf19a)" transform="translate(-202 -2221)"><g clip-path="url(#n79ah32ilb)" transform="translate(202 2221)"><g clip-path="url(#h1bi9j7dcc)" transform="translate(1.25 2.5)"><path stroke="#767676" stroke-miterlimit="5" d="m8.75 12.188-5.143 2.51.982-5.318L.43 5.614l5.75-.776L8.75 0l2.572 4.838 5.75.776L12.91 9.38l.982 5.318-5.143-2.51z"></path></g></g></g></svg><svg xmlns="http://www.w3.org/2000/svg" width="10" height="20" viewBox="0 0 10 20" class="oct-icon" aria-hidden="true" aria-label="" style="height: 14px; width: auto; fill: rgb(255, 204, 0);"><g clip-path="url(#7gjj25igta)" transform="translate(-232 -2221)"><g clip-path="url(#dvqif6313b)" transform="translate(232 2221)"><g clip-path="url(#6r7ozri4zc)" transform="translate(-8.75 2.5)"><path stroke="#767676" stroke-miterlimit="5" d="m8.75 12.188-5.143 2.51.982-5.318L.43 5.614l5.75-.776L8.75 0l2.572 4.838 5.75.776L12.91 9.38l.982 5.318-5.143-2.51z"></path></g></g></g></svg></span><span><svg xmlns="http://www.w3.org/2000/svg" width="10" height="20" viewBox="0 0 10 20" class="oct-icon" aria-hidden="true" aria-label="" style="height: 14px; width: auto; fill: rgb(255, 204, 0);"><g clip-path="url(#3b8wbmf19a)" transform="translate(-202 -2221)"><g clip-path="url(#n79ah32ilb)" transform="translate(202 2221)"><g clip-path="url(#h1bi9j7dcc)" transform="translate(1.25 2.5)"><path stroke="#767676" stroke-miterlimit="5" d="m8.75 12.188-5.143 2.51.982-5.318L.43 5.614l5.75-.776L8.75 0l2.572 4.838 5.75.776L12.91 9.38l.982 5.318-5.143-2.51z"></path></g></g></g></svg><svg xmlns="http://www.w3.org/2000/svg" width="10" height="20" viewBox="0 0 10 20" class="oct-icon" aria-hidden="true" aria-label="" style="height: 14px; width: auto; fill: rgb(255, 204, 0);"><g clip-path="url(#7gjj25igta)" transform="translate(-232 -2221)"><g clip-path="url(#dvqif6313b)" transform="translate(232 2221)"><g clip-path="url(#6r7ozri4zc)" transform="translate(-8.75 2.5)"><path stroke="#767676" stroke-miterlimit="5" d="m8.75 12.188-5.143 2.51.982-5.318L.43 5.614l5.75-.776L8.75 0l2.572 4.838 5.75.776L12.91 9.38l.982 5.318-5.143-2.51z"></path></g></g></g></svg></span><span><svg xmlns="http://www.w3.org/2000/svg" width="10" height="20" viewBox="0 0 10 20" class="oct-icon" aria-hidden="true" aria-label="" style="height: 14px; width: auto; fill: rgb(255, 204, 0);"><g clip-path="url(#3b8wbmf19a)" transform="translate(-202 -2221)"><g clip-path="url(#n79ah32ilb)" transform="translate(202 2221)"><g clip-path="url(#h1bi9j7dcc)" transform="translate(1.25 2.5)"><path stroke="#767676" stroke-miterlimit="5" d="m8.75 12.188-5.143 2.51.982-5.318L.43 5.614l5.75-.776L8.75 0l2.572 4.838 5.75.776L12.91 9.38l.982 5.318-5.143-2.51z"></path></g></g></g></svg><svg xmlns="http://www.w3.org/2000/svg" width="10" height="20" viewBox="0 0 10 20" class="oct-icon" aria-hidden="true" aria-label="" style="height: 14px; width: auto; fill: rgb(255, 204, 0);"><g clip-path="url(#7gjj25igta)" transform="translate(-232 -2221)"><g clip-path="url(#dvqif6313b)" transform="translate(232 2221)"><g clip-path="url(#6r7ozri4zc)" transform="translate(-8.75 2.5)"><path stroke="#767676" stroke-miterlimit="5" d="m8.75 12.188-5.143 2.51.982-5.318L.43 5.614l5.75-.776L8.75 0l2.572 4.838 5.75.776L12.91 9.38l.982 5.318-5.143-2.51z"></path></g></g></g></svg></span></div><div class="oct-reviews__optionalText"><a href="https://www.boots.com/la-roche-posay-effaclar-duoandm-multi-action-spot-patch-with-hydrocolloid-technology-22-patches-10359735#BVRRContainer" class="oct-link oct-link--theme-text oct-color--boots-blue oct-reviews__count" aria-label="5 stars out of 5. 1 reviews"><span class="oct-reviews__optionalTextCount">(1)</span></a></div></div></div><div class="oct-teaser__offer__container" aria-label=""><div class="oct-teaser__wrap"><button data-testid="button" class="oct-button oct-button--ellipses oct-button--cta oct-button--cta-default oct-button--cta-default-responsive oct-teaser__offer oct-teaser__offer--isAvailable oct-button--cta-custom" aria-label="Save an extra 10 percent on selected La Roche-Posay, CeraVe and Vichy with code DERM10 - online only"><div class="oct-button__content">Save an extra 10 percent on selected La Roche-Posay, CeraVe and Vichy with code DERM10 - online only</div></button></div></div><div class="oct-teaser__price-wrapper oct-teaser__price-wrapper--saving oct-teaser__price-wrapper--current"><div class="oct-teaser__price-col1-wrapper"><p class="oct-text oct-text--standard oct-text--size_m oct-aem-text oct-aem-text--p--variant-subtext oct-teaser__productPrice" data-testid="text">£7.92</p><div class="oct-teaser__product-price-wrapper"><p class="oct-text oct-text--standard oct-text--size_m oct-aem-text oct-aem-text--p--variant-subtext oct-teaser__productPriceSave" data-testid="text">Save £1.98</p></div><p class="oct-text oct-text--standard oct-text--size_m oct-aem-text oct-aem-text--p--variant-subtext oct-teaser__productPriceWas" data-testid="text">Was £9.90</p></div></div><div class="oct-teaser__price-detail-wrapper"><p class="oct-text oct-text--standard oct-text--size_m oct-aem-text oct-aem-text--p--variant-subtext oct-teaser__productPriceDetail" data-testid="text">22UNI | £0.36 per 1UNI</p></div></div><div class="oct-teaser__calls-to-action oct-teaser__calls-to-action--two oct-teaser__calls-to-action--left"></div></div></div><div class="oct-teaser__foreground"><a href="https://www.boots.com/la-roche-posay-effaclar-duoandm-multi-action-spot-patch-with-hydrocolloid-technology-22-patches-10359735" class="oct-link oct-link--theme-text oct-color--boots-blue oct-teaser-wrapper-link" tabindex="-1" aria-hidden="true" data-promo-creative="25% teaser" data-promo-position=""><div class="oct-image-link-wrapper"><img src="https://boots.scene7.com/is/image/Boots/10359735?op_sharpen=1" alt="Foreground image" class="oct-image oct-image--lazy" data-testid="lazy-image" decoding="async" loading="lazy"></div></a></div><div class="oct-teaser__calls-to-action oct-add-to-basket-callToAction oct-add-to-basket-callToAction--with-lister-basket"><div class="oct-add-to-basket"><div class="oct-input__iconContainer"><div></div><input type="hidden" class="oct-input" id="cmProductName_3100721" autocomplete="off" value="La Roche Posay Effaclar Duo+M Multi-Action Spot Patch with Hydrocolloid Technology, 22 Patches (Available in 2 sizes) (10359735.P)" style=""></div><div class="oct-input__iconContainer"><div></div><input type="hidden" class="oct-input" id="catalogEntry_ID" name="catalogEntry_ID" autocomplete="off" value="3100721" style=""></div><div class="oct-input__iconContainer"><div></div><input type="hidden" class="oct-input" id="dlProductId_3100721" name="dlProductId_3100721" autocomplete="off" value="10359735.P" style=""></div><div class="oct-input__iconContainer"><div></div><input type="hidden" class="oct-input" id="dlProductName_3100721" name="dlProductName_3100721" autocomplete="off" value="La Roche Posay Effaclar Duo+M Multi-Action Spot Patch with Hydrocolloid Technology, 22 Patches (Available in 2 sizes)" style=""></div><div class="oct-input__iconContainer"><div></div><input type="hidden" class="oct-input" id="dlParentCatentryID_10359735.P" name="dlParentCatentryID_10359735.P" autocomplete="off" value="3100721" style=""></div><div class="oct-input__iconContainer"><div></div><input type="hidden" class="oct-input" id="dlPackagePartNumber_3100721" name="dlPackagePartNumber_3100721" autocomplete="off" value="" style=""></div><div class="oct-add-to-basket__product_info-container"><div class="oct-add-to-basket__product_add noQuickBuy"><div class="oct-add-to-basket__quickBuySLPContainer quickBuySLPContainer"></div><div class="oct-add-to-basket__shopperActions shopperActions oct-add-to-basket__plp_shopperActions_redesign plp_shopperActions_redesign" id="shopperActionsRedesign3100721"><p class="oct-text oct-text--standard oct-text--size_m oct-aem-text oct-aem-text--p--variant-1 oct-add-to-basket__qty-errorMax qty_errorMax" data-testid="text" id="quantity_msg_3100721">Maximum quantity reached</p><div class="oct-add-to-basket__quantity-section quantity_section quantity_section_redesign" id="quantity_section_3100721"><button data-testid="button" class="oct-button oct-button--ellipses oct-button--cta oct-button--cta-default oct-button--cta-default-primaryTransparent oct-button--cta-default-responsive oct-aem-cta oct-add-to-basket__minus-quantity plus_quantity_disabled minus_quantity_redesign plus_quantity_disabled_redesign control-buttons oct-button--cta-midnight-blue-primary" to="" id="desreseQty_3100721" aria-label="Decrease Quantity La Roche Posay Effaclar Duo+M Multi-Action Spot Patch with Hydrocolloid Technology, 22 Patches (Available in 2 sizes)" aria-hidden="false" data-icon="–"><div class="oct-button__content"></div></button><div class="oct-input__iconContainer"><div></div><input type="text" class="oct-input oct-add-to-basket__quantity-input quantity_input quantity_input_redesign" aria-label="quantity" name="quantity_$3100721" id="quantity_3100721" readonly="" maxlength="2" tabindex="-1" value="1" style=""></div><button data-testid="button" class="oct-button oct-button--ellipses oct-button--cta oct-button--cta-default oct-button--cta-default-primaryTransparent oct-button--cta-default-responsive oct-aem-cta oct-add-to-basket__plus-quantity plus_quantity plus_quantity_redesign control-buttons oct-button--cta-midnight-blue-primary" to="" id="increseQty_3100721" aria-label="Increase Quantity La Roche Posay Effaclar Duo+M Multi-Action Spot Patch with Hydrocolloid Technology, 22 Patches (Available in 2 sizes)" aria-hidden="false" data-icon="+"><div class="oct-button__content"></div></button><div class="oct-add-to-basket__quantity-label quantity_label">in your basket</div></div><div class="oct-input__iconContainer"><div></div><input type="hidden" class="oct-input" name="freeGiftId_3100721" id="freeGiftId_3100721" value="" style=""></div><button data-testid="button" class="oct-button oct-button--ellipses oct-button--cta oct-button--cta-default oct-button--cta-default-primaryTransparent oct-button--cta-default-responsive oct-aem-cta oct-add-to-basket_button oct-button--cta-midnight-blue-primary" to="" id="add2CartBtn_3100721" eeindex="2" data-shop5="" aria-label="Add La Roche Posay Effaclar Duo+M Multi-Action Spot Patch with Hydrocolloid Technology, 22 Patches (Available in 2 sizes) to basket"><div class="oct-button__content"><span class="oct-add-to-basket_button_text button_text button_text_redesign">Add to basket</span></div></button><div class="oct-input__iconContainer"><div></div><input type="hidden" class="oct-input" id="lister_orderItemId_3100721" name="lister_orderItemId" value="" style=""></div><div class="oct-input__iconContainer"><div></div><input type="hidden" class="oct-input" id="lister_orderItemQty_3100721" name="lister_orderItemId" value="0" style=""></div><div class="oct-add-to-basket--overlay" data-testid="oct-add-to-basket"><div class="oct-add-to-basket__overlay-popup oct-overlay-popup" id="basket_confirmation_popup_overlay"></div><div id="basket_confirmation_overlay_3100721" class="oct-add-to-basket__overlay-popup__dialog" style="display: none;"><div class="oct-add-to-basket__overlay-focus" role="dialog" aria-labelledby="3100721-dialog-message"><p class="oct-text oct-text--standard oct-text--size_m oct-aem-text oct-aem-text--p--variant-1 oct-add-to-basket__text" data-testid="text" id="3100721-dialog-message">Are you sure you want to remove this product?</p><a class="oct-link oct-link--theme-text oct-color--boots-blue oct-add-to-basket__close-btn" tabindex="0" title="Close overlay" role="button" aria-label="Close overlay">x</a><div class="row"><button data-testid="button" class="oct-button oct-button--default oct-button--default-default oct-button--default-default-responsive oct-add-to-basket__button-secondary oct-add-to-basket__button button" role="button"><div class="oct-button__content">Yes</div></button><button data-testid="button" class="oct-button oct-button--default oct-button--default-default oct-button--default-default-responsive oct-add-to-basket__button-tertiary oct-add-to-basket__button button" role="button"><div class="oct-button__content">No</div></button></div></div></div></div></div></div></div><div id="entitledItem_3100721" style="display: none;">[ { "catentry_id" : 3100722, "Attributes" : { }, "ItemImage" :
          "/wcsstore/eBootsStorefrontAssetStore/images/NoImageIcon.jpg",
          "ItemImage467" :
          "/wcsstore/eBootsStorefrontAssetStore/images/NoImageIcon.jpg",
          "ItemThumbnailImage" :
          "/wcsstore/eBootsStorefrontAssetStore/images/NoImageIcon_sm.jpg" } ]</div></div></div></div></div></div><div data-testid="cell" class="oct-grid__cell oct-grid__cell--width-3 oct-grid__cell--small-6 oct-grid__cell--medium-small-4 oct-grid__cell--medium-4 oct-grid__cell--medium-large-4 oct-listers-hits__item hit oct-listers__item--with-inGrid" data-insights-position="36" data-insights-query-id="9e35482c34e960965eebfb9265ec00be" data-insights-object-id="3032004" data-productid="10352209.P"><div class="oct-teaser-wrapper oct-teaser-with-basket oct-teaser-with-basket--productTile oct-teaser-with-lister-basket oct-teaser--listers oct-teaser--listers-default"><div class="oct-teaser oct-teaser--theme-productTile oct-teaser--border" style="text-align: left;"><div class="oct-teaser__promotion-offer-roundel-wrapper"></div><div class="oct-add-to-favorites" tabindex="0" role="checkbox" aria-checked="false" aria-label="Add item to favourites"><span class="oct-add-to-favorites__icon"></span></div><div class="oct-teaser__contents oct-teaser__contents--only-foreground-image"><div class="oct-teaser__contents-panel oct-teaser__contents-panel"><div class="oct-teaser__contents-panel--main-content"><div><img src="data:image/svg+xml;base64,PHN2ZyB4bWxucz0iaHR0cDovL3d3dy53My5vcmcvMjAwMC9zdmciIHdpZHRoPSIzMjUiIGhlaWdodD0iMzI1Ij48cmVjdCB3aWR0aD0iMTAwJSIgaGVpZ2h0PSIxMDAlIiBzdHlsZT0iZmlsbDojZjJmMmYyIi8+PC9zdmc+" alt="test" class="oct-image oct-teaser__contents-panel__logo oct-teaser__contents-panel__logo--small oct-image--lazy" data-testid="lazy-image" decoding="async" loading="lazy"></div><a href="https://www.boots.com/garnier-vitamin-c-eye-mask-10352209" class="oct-link oct-link--theme-text oct-color--boots-blue oct-teaser__title-link" aria-label="" title="Garnier Vitamin C Eye Mask"><h3 class="oct-text oct-text--standard oct-text--size_m oct-aem-text oct-aem-text--h3--variant-1 oct-teaser__subtitle" data-testid="text">none</h3><div><h3 class="oct-text oct-text--standard oct-text--size_m oct-aem-text oct-aem-text--h3--variant-2 oct-teaser__title oct-teaser-with-listers" data-testid="text">Garnier Vitamin C Eye Mask</h3></div></a><div class="oct-reviews__reviews-container" aria-label=""><div class="oct-reviews"><div class="oct-reviews__icons" data-testid="reviews__icons"><span><svg xmlns="http://www.w3.org/2000/svg" width="10" height="20" viewBox="0 0 10 20" class="oct-icon" aria-hidden="true" aria-label="" style="height: 14px; width: auto; fill: rgb(255, 204, 0);"><g clip-path="url(#3b8wbmf19a)" transform="translate(-202 -2221)"><g clip-path="url(#n79ah32ilb)" transform="translate(202 2221)"><g clip-path="url(#h1bi9j7dcc)" transform="translate(1.25 2.5)"><path stroke="#767676" stroke-miterlimit="5" d="m8.75 12.188-5.143 2.51.982-5.318L.43 5.614l5.75-.776L8.75 0l2.572 4.838 5.75.776L12.91 9.38l.982 5.318-5.143-2.51z"></path></g></g></g></svg><svg xmlns="http://www.w3.org/2000/svg" width="10" height="20" viewBox="0 0 10 20" class="oct-icon" aria-hidden="true" aria-label="" style="height: 14px; width: auto; fill: rgb(255, 204, 0);"><g clip-path="url(#7gjj25igta)" transform="translate(-232 -2221)"><g clip-path="url(#dvqif6313b)" transform="translate(232 2221)"><g clip-path="url(#6r7ozri4zc)" transform="translate(-8.75 2.5)"><path stroke="#767676" stroke-miterlimit="5" d="m8.75 12.188-5.143 2.51.982-5.318L.43 5.614l5.75-.776L8.75 0l2.572 4.838 5.75.776L12.91 9.38l.982 5.318-5.143-2.51z"></path></g></g></g></svg></span><span><svg xmlns="http://www.w3.org/2000/svg" width="10" height="20" viewBox="0 0 10 20" class="oct-icon" aria-hidden="true" aria-label="" style="height: 14px; width: auto; fill: rgb(255, 204, 0);"><g clip-path="url(#3b8wbmf19a)" transform="translate(-202 -2221)"><g clip-path="url(#n79ah32ilb)" transform="translate(202 2221)"><g clip-path="url(#h1bi9j7dcc)" transform="translate(1.25 2.5)"><path stroke="#767676" stroke-miterlimit="5" d="m8.75 12.188-5.143 2.51.982-5.318L.43 5.614l5.75-.776L8.75 0l2.572 4.838 5.75.776L12.91 9.38l.982 5.318-5.143-2.51z"></path></g></g></g></svg><svg xmlns="http://www.w3.org/2000/svg" width="10" height="20" viewBox="0 0 10 20" class="oct-icon" aria-hidden="true" aria-label="" style="height: 14px; width: auto; fill: rgb(255, 204, 0);"><g clip-path="url(#7gjj25igta)" transform="translate(-232 -2221)"><g clip-path="url(#dvqif6313b)" transform="translate(232 2221)"><g clip-path="url(#6r7ozri4zc)" transform="translate(-8.75 2.5)"><path stroke="#767676" stroke-miterlimit="5" d="m8.75 12.188-5.143 2.51.982-5.318L.43 5.614l5.75-.776L8.75 0l2.572 4.838 5.75.776L12.91 9.38l.982 5.318-5.143-2.51z"></path></g></g></g></svg></span><span><svg xmlns="http://www.w3.org/2000/svg" width="10" height="20" viewBox="0 0 10 20" class="oct-icon" aria-hidden="true" aria-label="" style="height: 14px; width: auto; fill: rgb(255, 204, 0);"><g clip-path="url(#3b8wbmf19a)" transform="translate(-202 -2221)"><g clip-path="url(#n79ah32ilb)" transform="translate(202 2221)"><g clip-path="url(#h1bi9j7dcc)" transform="translate(1.25 2.5)"><path stroke="#767676" stroke-miterlimit="5" d="m8.75 12.188-5.143 2.51.982-5.318L.43 5.614l5.75-.776L8.75 0l2.572 4.838 5.75.776L12.91 9.38l.982 5.318-5.143-2.51z"></path></g></g></g></svg><svg xmlns="http://www.w3.org/2000/svg" width="10" height="20" viewBox="0 0 10 20" class="oct-icon" aria-hidden="true" aria-label="" style="height: 14px; width: auto; fill: rgb(255, 204, 0);"><g clip-path="url(#7gjj25igta)" transform="translate(-232 -2221)"><g clip-path="url(#dvqif6313b)" transform="translate(232 2221)"><g clip-path="url(#6r7ozri4zc)" transform="translate(-8.75 2.5)"><path stroke="#767676" stroke-miterlimit="5" d="m8.75 12.188-5.143 2.51.982-5.318L.43 5.614l5.75-.776L8.75 0l2.572 4.838 5.75.776L12.91 9.38l.982 5.318-5.143-2.51z"></path></g></g></g></svg></span><span><svg xmlns="http://www.w3.org/2000/svg" width="10" height="20" viewBox="0 0 10 20" class="oct-icon" aria-hidden="true" aria-label="" style="height: 14px; width: auto; fill: rgb(255, 204, 0);"><g clip-path="url(#3b8wbmf19a)" transform="translate(-202 -2221)"><g clip-path="url(#n79ah32ilb)" transform="translate(202 2221)"><g clip-path="url(#h1bi9j7dcc)" transform="translate(1.25 2.5)"><path stroke="#767676" stroke-miterlimit="5" d="m8.75 12.188-5.143 2.51.982-5.318L.43 5.614l5.75-.776L8.75 0l2.572 4.838 5.75.776L12.91 9.38l.982 5.318-5.143-2.51z"></path></g></g></g></svg><svg xmlns="http://www.w3.org/2000/svg" width="10" height="20" viewBox="0 0 10 20" class="oct-icon" aria-hidden="true" aria-label="" style="height: 14px; width: auto; fill: rgb(255, 204, 0);"><g clip-path="url(#7gjj25igta)" transform="translate(-232 -2221)"><g clip-path="url(#dvqif6313b)" transform="translate(232 2221)"><g clip-path="url(#6r7ozri4zc)" transform="translate(-8.75 2.5)"><path stroke="#767676" stroke-miterlimit="5" d="m8.75 12.188-5.143 2.51.982-5.318L.43 5.614l5.75-.776L8.75 0l2.572 4.838 5.75.776L12.91 9.38l.982 5.318-5.143-2.51z"></path></g></g></g></svg></span><span><svg xmlns="http://www.w3.org/2000/svg" width="10" height="20" viewBox="0 0 10 20" class="oct-icon" aria-hidden="true" aria-label="" style="height: 14px; width: auto; fill: rgb(255, 204, 0);"><g clip-path="url(#3b8wbmf19a)" transform="translate(-202 -2221)"><g clip-path="url(#n79ah32ilb)" transform="translate(202 2221)"><g clip-path="url(#h1bi9j7dcc)" transform="translate(1.25 2.5)"><path stroke="#767676" stroke-miterlimit="5" d="m8.75 12.188-5.143 2.51.982-5.318L.43 5.614l5.75-.776L8.75 0l2.572 4.838 5.75.776L12.91 9.38l.982 5.318-5.143-2.51z"></path></g></g></g></svg><svg xmlns="http://www.w3.org/2000/svg" width="10" height="20" viewBox="0 0 10 20" class="oct-icon" aria-hidden="true" aria-label="" style="height: 14px; width: auto; fill: rgb(255, 204, 0);"><g clip-path="url(#7gjj25igta)" transform="translate(-232 -2221)"><g clip-path="url(#dvqif6313b)" transform="translate(232 2221)"><g clip-path="url(#6r7ozri4zc)" transform="translate(-8.75 2.5)"><path stroke="#767676" stroke-miterlimit="5" d="m8.75 12.188-5.143 2.51.982-5.318L.43 5.614l5.75-.776L8.75 0l2.572 4.838 5.75.776L12.91 9.38l.982 5.318-5.143-2.51z"></path></g></g></g></svg></span></div><div class="oct-reviews__optionalText"><a href="https://www.boots.com/garnier-vitamin-c-eye-mask-10352209#BVRRContainer" class="oct-link oct-link--theme-text oct-color--boots-blue oct-reviews__count" aria-label="5 stars out of 5. 1 reviews"><span class="oct-reviews__optionalTextCount">(1)</span></a></div></div></div><div class="oct-teaser__offer__container" aria-label=""><div class="oct-teaser__wrap"></div></div><div class="oct-teaser__price-wrapper oct-teaser__price-wrapper--current"><div class="oct-teaser__price-col1-wrapper"><p class="oct-text oct-text--standard oct-text--size_m oct-aem-text oct-aem-text--p--variant-subtext oct-teaser__productPrice" data-testid="text">£3.50</p><div class="oct-teaser__product-price-wrapper"></div></div></div><div class="oct-teaser__price-detail-wrapper"><p class="oct-text oct-text--standard oct-text--size_m oct-aem-text oct-aem-text--p--variant-subtext oct-teaser__productPriceDetail" data-testid="text"></p></div></div><div class="oct-teaser__calls-to-action oct-teaser__calls-to-action--two oct-teaser__calls-to-action--left"></div></div></div><div class="oct-teaser__foreground"><a href="https://www.boots.com/garnier-vitamin-c-eye-mask-10352209" class="oct-link oct-link--theme-text oct-color--boots-blue oct-teaser-wrapper-link" tabindex="-1" aria-hidden="true" data-promo-creative="25% teaser" data-promo-position=""><div class="oct-image-link-wrapper"><img src="https://boots.scene7.com/is/image/Boots/10352209?op_sharpen=1" alt="Foreground image" class="oct-image oct-image--lazy" data-testid="lazy-image" decoding="async" loading="lazy"></div></a></div><div class="oct-teaser__calls-to-action oct-add-to-basket-callToAction oct-add-to-basket-callToAction--with-lister-basket"><div class="oct-add-to-basket"><div class="oct-input__iconContainer"><div></div><input type="hidden" class="oct-input" id="cmProductName_3032003" autocomplete="off" value="Garnier Vitamin C Eye Mask (10352209.P)" style=""></div><div class="oct-input__iconContainer"><div></div><input type="hidden" class="oct-input" id="catalogEntry_ID" name="catalogEntry_ID" autocomplete="off" value="3032003" style=""></div><div class="oct-input__iconContainer"><div></div><input type="hidden" class="oct-input" id="dlProductId_3032003" name="dlProductId_3032003" autocomplete="off" value="10352209.P" style=""></div><div class="oct-input__iconContainer"><div></div><input type="hidden" class="oct-input" id="dlProductName_3032003" name="dlProductName_3032003" autocomplete="off" value="Garnier Vitamin C Eye Mask" style=""></div><div class="oct-input__iconContainer"><div></div><input type="hidden" class="oct-input" id="dlParentCatentryID_10352209.P" name="dlParentCatentryID_10352209.P" autocomplete="off" value="3032003" style=""></div><div class="oct-input__iconContainer"><div></div><input type="hidden" class="oct-input" id="dlPackagePartNumber_3032003" name="dlPackagePartNumber_3032003" autocomplete="off" value="" style=""></div><div class="oct-add-to-basket__product_info-container"><div class="oct-add-to-basket__product_add noQuickBuy"><div class="oct-add-to-basket__quickBuySLPContainer quickBuySLPContainer"></div><div class="oct-add-to-basket__shopperActions shopperActions oct-add-to-basket__plp_shopperActions_redesign plp_shopperActions_redesign" id="shopperActionsRedesign3032003"><p class="oct-text oct-text--standard oct-text--size_m oct-aem-text oct-aem-text--p--variant-1 oct-add-to-basket__qty-errorMax qty_errorMax" data-testid="text" id="quantity_msg_3032003">Maximum quantity reached</p><div class="oct-add-to-basket__quantity-section quantity_section quantity_section_redesign" id="quantity_section_3032003"><button data-testid="button" class="oct-button oct-button--ellipses oct-button--cta oct-button--cta-default oct-button--cta-default-primaryTransparent oct-button--cta-default-responsive oct-aem-cta oct-add-to-basket__minus-quantity plus_quantity_disabled minus_quantity_redesign plus_quantity_disabled_redesign control-buttons oct-button--cta-midnight-blue-primary" to="" id="desreseQty_3032003" aria-label="Decrease Quantity Garnier Vitamin C Eye Mask" aria-hidden="false" data-icon="–"><div class="oct-button__content"></div></button><div class="oct-input__iconContainer"><div></div><input type="text" class="oct-input oct-add-to-basket__quantity-input quantity_input quantity_input_redesign" aria-label="quantity" name="quantity_$3032003" id="quantity_3032003" readonly="" maxlength="2" tabindex="-1" value="1" style=""></div><button data-testid="button" class="oct-button oct-button--ellipses oct-button--cta oct-button--cta-default oct-button--cta-default-primaryTransparent oct-button--cta-default-responsive oct-aem-cta oct-add-to-basket__plus-quantity plus_quantity plus_quantity_redesign control-buttons oct-button--cta-midnight-blue-primary" to="" id="increseQty_3032003" aria-label="Increase Quantity Garnier Vitamin C Eye Mask" aria-hidden="false" data-icon="+"><div class="oct-button__content"></div></button><div class="oct-add-to-basket__quantity-label quantity_label">in your basket</div></div><div class="oct-input__iconContainer"><div></div><input type="hidden" class="oct-input" name="freeGiftId_3032003" id="freeGiftId_3032003" value="" style=""></div><button data-testid="button" class="oct-button oct-button--ellipses oct-button--cta oct-button--cta-default oct-button--cta-default-primaryTransparent oct-button--cta-default-responsive oct-aem-cta oct-add-to-basket_button oct-button--cta-midnight-blue-primary" to="" id="add2CartBtn_3032003" eeindex="2" data-shop5="" aria-label="Add Garnier Vitamin C Eye Mask to basket"><div class="oct-button__content"><span class="oct-add-to-basket_button_text button_text button_text_redesign">Add to basket</span></div></button><div class="oct-input__iconContainer"><div></div><input type="hidden" class="oct-input" id="lister_orderItemId_3032003" name="lister_orderItemId" value="" style=""></div><div class="oct-input__iconContainer"><div></div><input type="hidden" class="oct-input" id="lister_orderItemQty_3032003" name="lister_orderItemId" value="0" style=""></div><div class="oct-add-to-basket--overlay" data-testid="oct-add-to-basket"><div class="oct-add-to-basket__overlay-popup oct-overlay-popup" id="basket_confirmation_popup_overlay"></div><div id="basket_confirmation_overlay_3032003" class="oct-add-to-basket__overlay-popup__dialog" style="display: none;"><div class="oct-add-to-basket__overlay-focus" role="dialog" aria-labelledby="3032003-dialog-message"><p class="oct-text oct-text--standard oct-text--size_m oct-aem-text oct-aem-text--p--variant-1 oct-add-to-basket__text" data-testid="text" id="3032003-dialog-message">Are you sure you want to remove this product?</p><a class="oct-link oct-link--theme-text oct-color--boots-blue oct-add-to-basket__close-btn" tabindex="0" title="Close overlay" role="button" aria-label="Close overlay">x</a><div class="row"><button data-testid="button" class="oct-button oct-button--default oct-button--default-default oct-button--default-default-responsive oct-add-to-basket__button-secondary oct-add-to-basket__button button" role="button"><div class="oct-button__content">Yes</div></button><button data-testid="button" class="oct-button oct-button--default oct-button--default-default oct-button--default-default-responsive oct-add-to-basket__button-tertiary oct-add-to-basket__button button" role="button"><div class="oct-button__content">No</div></button></div></div></div></div></div></div></div><div id="entitledItem_3032003" style="display: none;">[ { "catentry_id" : 3032004, "Attributes" : { }, "ItemImage" :
          "/wcsstore/eBootsStorefrontAssetStore/images/NoImageIcon.jpg",
          "ItemImage467" :
          "/wcsstore/eBootsStorefrontAssetStore/images/NoImageIcon.jpg",
          "ItemThumbnailImage" :
          "/wcsstore/eBootsStorefrontAssetStore/images/NoImageIcon_sm.jpg" } ]</div></div></div></div></div></div><div data-testid="cell" class="oct-grid__cell oct-grid__cell--width-3 oct-grid__cell--small-6 oct-grid__cell--medium-small-4 oct-grid__cell--medium-4 oct-grid__cell--medium-large-4 oct-listers-hits__item hit oct-listers__item--with-inGrid" data-insights-position="37" data-insights-query-id="9e35482c34e960965eebfb9265ec00be" data-insights-object-id="3001629" data-productid="10348193.P"><div class="oct-teaser-wrapper oct-teaser-with-basket oct-teaser-with-basket--productTile oct-teaser-with-lister-basket oct-teaser--listers oct-teaser--listers-default"><div class="oct-teaser oct-teaser--theme-productTile oct-teaser--border" style="text-align: left;"><div class="oct-teaser__promotion-offer-roundel-wrapper"><div class="oct-teaser__promotion-offer-roundel-item oct-teaser__promotion-offer-roundel-item--offer" aria-label="Item on offer" role="img">Offer</div></div><div class="oct-add-to-favorites" tabindex="0" role="checkbox" aria-checked="false" aria-label="Add item to favourites"><span class="oct-add-to-favorites__icon"></span></div><div class="oct-teaser__contents oct-teaser__contents--only-foreground-image"><div class="oct-teaser__contents-panel oct-teaser__contents-panel"><div class="oct-teaser__contents-panel--main-content"><div><img src="data:image/svg+xml;base64,PHN2ZyB4bWxucz0iaHR0cDovL3d3dy53My5vcmcvMjAwMC9zdmciIHdpZHRoPSIzMjUiIGhlaWdodD0iMzI1Ij48cmVjdCB3aWR0aD0iMTAwJSIgaGVpZ2h0PSIxMDAlIiBzdHlsZT0iZmlsbDojZjJmMmYyIi8+PC9zdmc+" alt="test" class="oct-image oct-teaser__contents-panel__logo oct-teaser__contents-panel__logo--small oct-image--lazy" data-testid="lazy-image" decoding="async" loading="lazy"></div><a href="https://www.boots.com/dr-jart-cryo-rubber-with-moisturising-hyaluronic-acid-10348193" class="oct-link oct-link--theme-text oct-color--boots-blue oct-teaser__title-link" aria-label="" title="Dr Jart+ Cryo Rubber™ with Moisturising Hyaluronic Acid"><h3 class="oct-text oct-text--standard oct-text--size_m oct-aem-text oct-aem-text--h3--variant-1 oct-teaser__subtitle" data-testid="text">none</h3><div><h3 class="oct-text oct-text--standard oct-text--size_m oct-aem-text oct-aem-text--h3--variant-2 oct-teaser__title oct-teaser-with-listers" data-testid="text">Dr Jart+ Cryo Rubber™ with Moisturising Hyaluronic Acid</h3></div></a><div class="oct-reviews__reviews-container" aria-label=""><div class="oct-reviews"><div class="oct-reviews__icons" data-testid="reviews__icons"><span><svg xmlns="http://www.w3.org/2000/svg" width="10" height="20" viewBox="0 0 10 20" class="oct-icon" aria-hidden="true" aria-label="" style="height: 14px; width: auto; fill: rgb(255, 204, 0);"><g clip-path="url(#3b8wbmf19a)" transform="translate(-202 -2221)"><g clip-path="url(#n79ah32ilb)" transform="translate(202 2221)"><g clip-path="url(#h1bi9j7dcc)" transform="translate(1.25 2.5)"><path stroke="#767676" stroke-miterlimit="5" d="m8.75 12.188-5.143 2.51.982-5.318L.43 5.614l5.75-.776L8.75 0l2.572 4.838 5.75.776L12.91 9.38l.982 5.318-5.143-2.51z"></path></g></g></g></svg><svg xmlns="http://www.w3.org/2000/svg" width="10" height="20" viewBox="0 0 10 20" class="oct-icon" aria-hidden="true" aria-label="" style="height: 14px; width: auto; fill: rgb(255, 204, 0);"><g clip-path="url(#7gjj25igta)" transform="translate(-232 -2221)"><g clip-path="url(#dvqif6313b)" transform="translate(232 2221)"><g clip-path="url(#6r7ozri4zc)" transform="translate(-8.75 2.5)"><path stroke="#767676" stroke-miterlimit="5" d="m8.75 12.188-5.143 2.51.982-5.318L.43 5.614l5.75-.776L8.75 0l2.572 4.838 5.75.776L12.91 9.38l.982 5.318-5.143-2.51z"></path></g></g></g></svg></span><span><svg xmlns="http://www.w3.org/2000/svg" width="10" height="20" viewBox="0 0 10 20" class="oct-icon" aria-hidden="true" aria-label="" style="height: 14px; width: auto; fill: rgb(255, 204, 0);"><g clip-path="url(#3b8wbmf19a)" transform="translate(-202 -2221)"><g clip-path="url(#n79ah32ilb)" transform="translate(202 2221)"><g clip-path="url(#h1bi9j7dcc)" transform="translate(1.25 2.5)"><path stroke="#767676" stroke-miterlimit="5" d="m8.75 12.188-5.143 2.51.982-5.318L.43 5.614l5.75-.776L8.75 0l2.572 4.838 5.75.776L12.91 9.38l.982 5.318-5.143-2.51z"></path></g></g></g></svg><svg xmlns="http://www.w3.org/2000/svg" width="10" height="20" viewBox="0 0 10 20" class="oct-icon" aria-hidden="true" aria-label="" style="height: 14px; width: auto; fill: rgb(255, 204, 0);"><g clip-path="url(#7gjj25igta)" transform="translate(-232 -2221)"><g clip-path="url(#dvqif6313b)" transform="translate(232 2221)"><g clip-path="url(#6r7ozri4zc)" transform="translate(-8.75 2.5)"><path stroke="#767676" stroke-miterlimit="5" d="m8.75 12.188-5.143 2.51.982-5.318L.43 5.614l5.75-.776L8.75 0l2.572 4.838 5.75.776L12.91 9.38l.982 5.318-5.143-2.51z"></path></g></g></g></svg></span><span><svg xmlns="http://www.w3.org/2000/svg" width="10" height="20" viewBox="0 0 10 20" class="oct-icon" aria-hidden="true" aria-label="" style="height: 14px; width: auto; fill: rgb(255, 204, 0);"><g clip-path="url(#3b8wbmf19a)" transform="translate(-202 -2221)"><g clip-path="url(#n79ah32ilb)" transform="translate(202 2221)"><g clip-path="url(#h1bi9j7dcc)" transform="translate(1.25 2.5)"><path stroke="#767676" stroke-miterlimit="5" d="m8.75 12.188-5.143 2.51.982-5.318L.43 5.614l5.75-.776L8.75 0l2.572 4.838 5.75.776L12.91 9.38l.982 5.318-5.143-2.51z"></path></g></g></g></svg><svg xmlns="http://www.w3.org/2000/svg" width="10" height="20" viewBox="0 0 10 20" class="oct-icon" aria-hidden="true" aria-label="" style="height: 14px; width: auto; fill: rgb(255, 204, 0);"><g clip-path="url(#7gjj25igta)" transform="translate(-232 -2221)"><g clip-path="url(#dvqif6313b)" transform="translate(232 2221)"><g clip-path="url(#6r7ozri4zc)" transform="translate(-8.75 2.5)"><path stroke="#767676" stroke-miterlimit="5" d="m8.75 12.188-5.143 2.51.982-5.318L.43 5.614l5.75-.776L8.75 0l2.572 4.838 5.75.776L12.91 9.38l.982 5.318-5.143-2.51z"></path></g></g></g></svg></span><span><svg xmlns="http://www.w3.org/2000/svg" width="10" height="20" viewBox="0 0 10 20" class="oct-icon" aria-hidden="true" aria-label="" style="height: 14px; width: auto; fill: rgb(255, 204, 0);"><g clip-path="url(#3b8wbmf19a)" transform="translate(-202 -2221)"><g clip-path="url(#n79ah32ilb)" transform="translate(202 2221)"><g clip-path="url(#h1bi9j7dcc)" transform="translate(1.25 2.5)"><path stroke="#767676" stroke-miterlimit="5" d="m8.75 12.188-5.143 2.51.982-5.318L.43 5.614l5.75-.776L8.75 0l2.572 4.838 5.75.776L12.91 9.38l.982 5.318-5.143-2.51z"></path></g></g></g></svg><svg xmlns="http://www.w3.org/2000/svg" width="10" height="20" viewBox="0 0 10 20" class="oct-icon" aria-hidden="true" aria-label="" style="height: 14px; width: auto; fill: rgb(255, 204, 0);"><g clip-path="url(#7gjj25igta)" transform="translate(-232 -2221)"><g clip-path="url(#dvqif6313b)" transform="translate(232 2221)"><g clip-path="url(#6r7ozri4zc)" transform="translate(-8.75 2.5)"><path stroke="#767676" stroke-miterlimit="5" d="m8.75 12.188-5.143 2.51.982-5.318L.43 5.614l5.75-.776L8.75 0l2.572 4.838 5.75.776L12.91 9.38l.982 5.318-5.143-2.51z"></path></g></g></g></svg></span><span><svg xmlns="http://www.w3.org/2000/svg" width="10" height="20" viewBox="0 0 10 20" class="oct-icon" aria-hidden="true" aria-label="" style="height: 14px; width: auto; fill: rgb(255, 204, 0);"><g clip-path="url(#3b8wbmf19a)" transform="translate(-202 -2221)"><g clip-path="url(#n79ah32ilb)" transform="translate(202 2221)"><g clip-path="url(#h1bi9j7dcc)" transform="translate(1.25 2.5)"><path stroke="#767676" stroke-miterlimit="5" d="m8.75 12.188-5.143 2.51.982-5.318L.43 5.614l5.75-.776L8.75 0l2.572 4.838 5.75.776L12.91 9.38l.982 5.318-5.143-2.51z"></path></g></g></g></svg><svg xmlns="http://www.w3.org/2000/svg" width="10" height="20" viewBox="0 0 10 20" class="oct-icon" aria-hidden="true" aria-label="" style="height: 14px; width: auto; fill: rgb(255, 204, 0);"><g clip-path="url(#7gjj25igta)" transform="translate(-232 -2221)"><g clip-path="url(#dvqif6313b)" transform="translate(232 2221)"><g clip-path="url(#6r7ozri4zc)" transform="translate(-8.75 2.5)"><path stroke="#767676" stroke-miterlimit="5" d="m8.75 12.188-5.143 2.51.982-5.318L.43 5.614l5.75-.776L8.75 0l2.572 4.838 5.75.776L12.91 9.38l.982 5.318-5.143-2.51z"></path></g></g></g></svg></span></div><div class="oct-reviews__optionalText"><a href="https://www.boots.com/dr-jart-cryo-rubber-with-moisturising-hyaluronic-acid-10348193#BVRRContainer" class="oct-link oct-link--theme-text oct-color--boots-blue oct-reviews__count" aria-label="5 stars out of 5. 3 reviews"><span class="oct-reviews__optionalTextCount">(3)</span></a></div></div></div><div class="oct-teaser__offer__container" aria-label=""><div class="oct-teaser__wrap"><button data-testid="button" class="oct-button oct-button--ellipses oct-button--cta oct-button--cta-default oct-button--cta-default-responsive oct-teaser__offer oct-teaser__offer--isAvailable oct-button--cta-custom" aria-label="Save up to 25 percent on selected Premium Beauty"><div class="oct-button__content">Save up to 25 percent on selected Premium Beauty</div></button></div></div><div class="oct-teaser__price-wrapper oct-teaser__price-wrapper--saving oct-teaser__price-wrapper--current"><div class="oct-teaser__price-col1-wrapper"><p class="oct-text oct-text--standard oct-text--size_m oct-aem-text oct-aem-text--p--variant-subtext oct-teaser__productPrice" data-testid="text">£11.20</p><div class="oct-teaser__product-price-wrapper"><p class="oct-text oct-text--standard oct-text--size_m oct-aem-text oct-aem-text--p--variant-subtext oct-teaser__productPriceSave" data-testid="text">Save £2.80</p></div><p class="oct-text oct-text--standard oct-text--size_m oct-aem-text oct-aem-text--p--variant-subtext oct-teaser__productPriceWas" data-testid="text">Was £14.00</p></div></div><div class="oct-teaser__price-detail-wrapper"><p class="oct-text oct-text--standard oct-text--size_m oct-aem-text oct-aem-text--p--variant-subtext oct-teaser__productPriceDetail" data-testid="text">44G | £25.45 per 100G</p></div></div><div class="oct-teaser__calls-to-action oct-teaser__calls-to-action--two oct-teaser__calls-to-action--left"></div></div></div><div class="oct-teaser__foreground"><a href="https://www.boots.com/dr-jart-cryo-rubber-with-moisturising-hyaluronic-acid-10348193" class="oct-link oct-link--theme-text oct-color--boots-blue oct-teaser-wrapper-link" tabindex="-1" aria-hidden="true" data-promo-creative="25% teaser" data-promo-position=""><div class="oct-image-link-wrapper"><img src="https://boots.scene7.com/is/image/Boots/10348193?op_sharpen=1" alt="Foreground image" class="oct-image oct-image--lazy" data-testid="lazy-image" decoding="async" loading="lazy"></div></a></div><div class="oct-teaser__calls-to-action oct-add-to-basket-callToAction oct-add-to-basket-callToAction--with-lister-basket"><div class="oct-add-to-basket"><div class="oct-input__iconContainer"><div></div><input type="hidden" class="oct-input" id="cmProductName_3001628" autocomplete="off" value="Dr Jart+ Cryo Rubber™ with Moisturising Hyaluronic Acid (10348193.P)" style=""></div><div class="oct-input__iconContainer"><div></div><input type="hidden" class="oct-input" id="catalogEntry_ID" name="catalogEntry_ID" autocomplete="off" value="3001628" style=""></div><div class="oct-input__iconContainer"><div></div><input type="hidden" class="oct-input" id="dlProductId_3001628" name="dlProductId_3001628" autocomplete="off" value="10348193.P" style=""></div><div class="oct-input__iconContainer"><div></div><input type="hidden" class="oct-input" id="dlProductName_3001628" name="dlProductName_3001628" autocomplete="off" value="Dr Jart+ Cryo Rubber™ with Moisturising Hyaluronic Acid" style=""></div><div class="oct-input__iconContainer"><div></div><input type="hidden" class="oct-input" id="dlParentCatentryID_10348193.P" name="dlParentCatentryID_10348193.P" autocomplete="off" value="3001628" style=""></div><div class="oct-input__iconContainer"><div></div><input type="hidden" class="oct-input" id="dlPackagePartNumber_3001628" name="dlPackagePartNumber_3001628" autocomplete="off" value="" style=""></div><div class="oct-add-to-basket__product_info-container"><div class="oct-add-to-basket__product_add noQuickBuy"><div class="oct-add-to-basket__quickBuySLPContainer quickBuySLPContainer"></div><div class="oct-add-to-basket__shopperActions shopperActions oct-add-to-basket__plp_shopperActions_redesign plp_shopperActions_redesign" id="shopperActionsRedesign3001628"><p class="oct-text oct-text--standard oct-text--size_m oct-aem-text oct-aem-text--p--variant-1 oct-add-to-basket__qty-errorMax qty_errorMax" data-testid="text" id="quantity_msg_3001628">Maximum quantity reached</p><div class="oct-add-to-basket__quantity-section quantity_section quantity_section_redesign" id="quantity_section_3001628"><button data-testid="button" class="oct-button oct-button--ellipses oct-button--cta oct-button--cta-default oct-button--cta-default-primaryTransparent oct-button--cta-default-responsive oct-aem-cta oct-add-to-basket__minus-quantity plus_quantity_disabled minus_quantity_redesign plus_quantity_disabled_redesign control-buttons oct-button--cta-midnight-blue-primary" to="" id="desreseQty_3001628" aria-label="Decrease Quantity Dr Jart+ Cryo Rubber™ with Moisturising Hyaluronic Acid" aria-hidden="false" data-icon="–"><div class="oct-button__content"></div></button><div class="oct-input__iconContainer"><div></div><input type="text" class="oct-input oct-add-to-basket__quantity-input quantity_input quantity_input_redesign" aria-label="quantity" name="quantity_$3001628" id="quantity_3001628" readonly="" maxlength="2" tabindex="-1" value="1" style=""></div><button data-testid="button" class="oct-button oct-button--ellipses oct-button--cta oct-button--cta-default oct-button--cta-default-primaryTransparent oct-button--cta-default-responsive oct-aem-cta oct-add-to-basket__plus-quantity plus_quantity plus_quantity_redesign control-buttons oct-button--cta-midnight-blue-primary" to="" id="increseQty_3001628" aria-label="Increase Quantity Dr Jart+ Cryo Rubber™ with Moisturising Hyaluronic Acid" aria-hidden="false" data-icon="+"><div class="oct-button__content"></div></button><div class="oct-add-to-basket__quantity-label quantity_label">in your basket</div></div><div class="oct-input__iconContainer"><div></div><input type="hidden" class="oct-input" name="freeGiftId_3001628" id="freeGiftId_3001628" value="" style=""></div><button data-testid="button" class="oct-button oct-button--ellipses oct-button--cta oct-button--cta-default oct-button--cta-default-primaryTransparent oct-button--cta-default-responsive oct-aem-cta oct-add-to-basket_button oct-button--cta-midnight-blue-primary" to="" id="add2CartBtn_3001628" eeindex="2" data-shop5="" aria-label="Add Dr Jart+ Cryo Rubber™ with Moisturising Hyaluronic Acid to basket"><div class="oct-button__content"><span class="oct-add-to-basket_button_text button_text button_text_redesign">Add to basket</span></div></button><div class="oct-input__iconContainer"><div></div><input type="hidden" class="oct-input" id="lister_orderItemId_3001628" name="lister_orderItemId" value="" style=""></div><div class="oct-input__iconContainer"><div></div><input type="hidden" class="oct-input" id="lister_orderItemQty_3001628" name="lister_orderItemId" value="0" style=""></div><div class="oct-add-to-basket--overlay" data-testid="oct-add-to-basket"><div class="oct-add-to-basket__overlay-popup oct-overlay-popup" id="basket_confirmation_popup_overlay"></div><div id="basket_confirmation_overlay_3001628" class="oct-add-to-basket__overlay-popup__dialog" style="display: none;"><div class="oct-add-to-basket__overlay-focus" role="dialog" aria-labelledby="3001628-dialog-message"><p class="oct-text oct-text--standard oct-text--size_m oct-aem-text oct-aem-text--p--variant-1 oct-add-to-basket__text" data-testid="text" id="3001628-dialog-message">Are you sure you want to remove this product?</p><a class="oct-link oct-link--theme-text oct-color--boots-blue oct-add-to-basket__close-btn" tabindex="0" title="Close overlay" role="button" aria-label="Close overlay">x</a><div class="row"><button data-testid="button" class="oct-button oct-button--default oct-button--default-default oct-button--default-default-responsive oct-add-to-basket__button-secondary oct-add-to-basket__button button" role="button"><div class="oct-button__content">Yes</div></button><button data-testid="button" class="oct-button oct-button--default oct-button--default-default oct-button--default-default-responsive oct-add-to-basket__button-tertiary oct-add-to-basket__button button" role="button"><div class="oct-button__content">No</div></button></div></div></div></div></div></div></div><div id="entitledItem_3001628" style="display: none;">[ { "catentry_id" : 3001629, "Attributes" : { }, "ItemImage" :
          "/wcsstore/eBootsStorefrontAssetStore/images/NoImageIcon.jpg",
          "ItemImage467" :
          "/wcsstore/eBootsStorefrontAssetStore/images/NoImageIcon.jpg",
          "ItemThumbnailImage" :
          "/wcsstore/eBootsStorefrontAssetStore/images/NoImageIcon_sm.jpg" } ]</div></div></div></div></div></div><div data-testid="cell" class="oct-grid__cell oct-grid__cell--width-3 oct-grid__cell--small-6 oct-grid__cell--medium-small-4 oct-grid__cell--medium-4 oct-grid__cell--medium-large-4 oct-listers-hits__item hit oct-listers__item--with-inGrid" data-insights-position="38" data-insights-query-id="9e35482c34e960965eebfb9265ec00be" data-insights-object-id="2757156" data-productid="10320918.P"><div class="oct-teaser-wrapper oct-teaser-with-basket oct-teaser-with-basket--productTile oct-teaser-with-lister-basket oct-teaser--listers oct-teaser--listers-default"><div class="oct-teaser oct-teaser--theme-productTile oct-teaser--border" style="text-align: left;"><div class="oct-teaser__promotion-offer-roundel-wrapper"><div class="oct-teaser__promotion-offer-roundel-item oct-teaser__promotion-offer-roundel-item--offer" aria-label="Item on offer" role="img">Offer</div></div><div class="oct-add-to-favorites" tabindex="0" role="checkbox" aria-checked="false" aria-label="Add item to favourites"><span class="oct-add-to-favorites__icon"></span></div><div class="oct-teaser__contents oct-teaser__contents--only-foreground-image"><div class="oct-teaser__contents-panel oct-teaser__contents-panel"><div class="oct-teaser__contents-panel--main-content"><div><img src="data:image/svg+xml;base64,PHN2ZyB4bWxucz0iaHR0cDovL3d3dy53My5vcmcvMjAwMC9zdmciIHdpZHRoPSIzMjUiIGhlaWdodD0iMzI1Ij48cmVjdCB3aWR0aD0iMTAwJSIgaGVpZ2h0PSIxMDAlIiBzdHlsZT0iZmlsbDojZjJmMmYyIi8+PC9zdmc+" alt="test" class="oct-image oct-teaser__contents-panel__logo oct-teaser__contents-panel__logo--small oct-image--lazy" data-testid="lazy-image" decoding="async" loading="lazy"></div><a href="https://www.boots.com/boots-ingredients-salicylic-acid-serum-30ml-10320918p" class="oct-link oct-link--theme-text oct-color--boots-blue oct-teaser__title-link" aria-label="" title="Boots Ingredients Salicylic Acid Serum 2% 30ml"><h3 class="oct-text oct-text--standard oct-text--size_m oct-aem-text oct-aem-text--h3--variant-1 oct-teaser__subtitle" data-testid="text">none</h3><div><h3 class="oct-text oct-text--standard oct-text--size_m oct-aem-text oct-aem-text--h3--variant-2 oct-teaser__title oct-teaser-with-listers" data-testid="text">Boots Ingredients Salicylic Acid Serum 2% 30ml</h3></div></a><div class="oct-reviews__reviews-container" aria-label=""><div class="oct-reviews"><div class="oct-reviews__icons" data-testid="reviews__icons"><span><svg xmlns="http://www.w3.org/2000/svg" width="10" height="20" viewBox="0 0 10 20" class="oct-icon" aria-hidden="true" aria-label="" style="height: 14px; width: auto; fill: rgb(255, 204, 0);"><g clip-path="url(#3b8wbmf19a)" transform="translate(-202 -2221)"><g clip-path="url(#n79ah32ilb)" transform="translate(202 2221)"><g clip-path="url(#h1bi9j7dcc)" transform="translate(1.25 2.5)"><path stroke="#767676" stroke-miterlimit="5" d="m8.75 12.188-5.143 2.51.982-5.318L.43 5.614l5.75-.776L8.75 0l2.572 4.838 5.75.776L12.91 9.38l.982 5.318-5.143-2.51z"></path></g></g></g></svg><svg xmlns="http://www.w3.org/2000/svg" width="10" height="20" viewBox="0 0 10 20" class="oct-icon" aria-hidden="true" aria-label="" style="height: 14px; width: auto; fill: rgb(255, 204, 0);"><g clip-path="url(#7gjj25igta)" transform="translate(-232 -2221)"><g clip-path="url(#dvqif6313b)" transform="translate(232 2221)"><g clip-path="url(#6r7ozri4zc)" transform="translate(-8.75 2.5)"><path stroke="#767676" stroke-miterlimit="5" d="m8.75 12.188-5.143 2.51.982-5.318L.43 5.614l5.75-.776L8.75 0l2.572 4.838 5.75.776L12.91 9.38l.982 5.318-5.143-2.51z"></path></g></g></g></svg></span><span><svg xmlns="http://www.w3.org/2000/svg" width="10" height="20" viewBox="0 0 10 20" class="oct-icon" aria-hidden="true" aria-label="" style="height: 14px; width: auto; fill: rgb(255, 204, 0);"><g clip-path="url(#3b8wbmf19a)" transform="translate(-202 -2221)"><g clip-path="url(#n79ah32ilb)" transform="translate(202 2221)"><g clip-path="url(#h1bi9j7dcc)" transform="translate(1.25 2.5)"><path stroke="#767676" stroke-miterlimit="5" d="m8.75 12.188-5.143 2.51.982-5.318L.43 5.614l5.75-.776L8.75 0l2.572 4.838 5.75.776L12.91 9.38l.982 5.318-5.143-2.51z"></path></g></g></g></svg><svg xmlns="http://www.w3.org/2000/svg" width="10" height="20" viewBox="0 0 10 20" class="oct-icon" aria-hidden="true" aria-label="" style="height: 14px; width: auto; fill: rgb(255, 204, 0);"><g clip-path="url(#7gjj25igta)" transform="translate(-232 -2221)"><g clip-path="url(#dvqif6313b)" transform="translate(232 2221)"><g clip-path="url(#6r7ozri4zc)" transform="translate(-8.75 2.5)"><path stroke="#767676" stroke-miterlimit="5" d="m8.75 12.188-5.143 2.51.982-5.318L.43 5.614l5.75-.776L8.75 0l2.572 4.838 5.75.776L12.91 9.38l.982 5.318-5.143-2.51z"></path></g></g></g></svg></span><span><svg xmlns="http://www.w3.org/2000/svg" width="10" height="20" viewBox="0 0 10 20" class="oct-icon" aria-hidden="true" aria-label="" style="height: 14px; width: auto; fill: rgb(255, 204, 0);"><g clip-path="url(#3b8wbmf19a)" transform="translate(-202 -2221)"><g clip-path="url(#n79ah32ilb)" transform="translate(202 2221)"><g clip-path="url(#h1bi9j7dcc)" transform="translate(1.25 2.5)"><path stroke="#767676" stroke-miterlimit="5" d="m8.75 12.188-5.143 2.51.982-5.318L.43 5.614l5.75-.776L8.75 0l2.572 4.838 5.75.776L12.91 9.38l.982 5.318-5.143-2.51z"></path></g></g></g></svg><svg xmlns="http://www.w3.org/2000/svg" width="10" height="20" viewBox="0 0 10 20" class="oct-icon" aria-hidden="true" aria-label="" style="height: 14px; width: auto; fill: rgb(255, 204, 0);"><g clip-path="url(#7gjj25igta)" transform="translate(-232 -2221)"><g clip-path="url(#dvqif6313b)" transform="translate(232 2221)"><g clip-path="url(#6r7ozri4zc)" transform="translate(-8.75 2.5)"><path stroke="#767676" stroke-miterlimit="5" d="m8.75 12.188-5.143 2.51.982-5.318L.43 5.614l5.75-.776L8.75 0l2.572 4.838 5.75.776L12.91 9.38l.982 5.318-5.143-2.51z"></path></g></g></g></svg></span><span><svg xmlns="http://www.w3.org/2000/svg" width="10" height="20" viewBox="0 0 10 20" class="oct-icon" aria-hidden="true" aria-label="" style="height: 14px; width: auto; fill: rgb(255, 204, 0);"><g clip-path="url(#3b8wbmf19a)" transform="translate(-202 -2221)"><g clip-path="url(#n79ah32ilb)" transform="translate(202 2221)"><g clip-path="url(#h1bi9j7dcc)" transform="translate(1.25 2.5)"><path stroke="#767676" stroke-miterlimit="5" d="m8.75 12.188-5.143 2.51.982-5.318L.43 5.614l5.75-.776L8.75 0l2.572 4.838 5.75.776L12.91 9.38l.982 5.318-5.143-2.51z"></path></g></g></g></svg><svg xmlns="http://www.w3.org/2000/svg" width="10" height="20" viewBox="0 0 10 20" class="oct-icon" aria-hidden="true" aria-label="" style="height: 14px; width: auto; fill: rgb(255, 204, 0);"><g clip-path="url(#7gjj25igta)" transform="translate(-232 -2221)"><g clip-path="url(#dvqif6313b)" transform="translate(232 2221)"><g clip-path="url(#6r7ozri4zc)" transform="translate(-8.75 2.5)"><path stroke="#767676" stroke-miterlimit="5" d="m8.75 12.188-5.143 2.51.982-5.318L.43 5.614l5.75-.776L8.75 0l2.572 4.838 5.75.776L12.91 9.38l.982 5.318-5.143-2.51z"></path></g></g></g></svg></span><span><svg xmlns="http://www.w3.org/2000/svg" width="10" height="20" viewBox="0 0 10 20" class="oct-icon" aria-hidden="true" aria-label="" style="height: 14px; width: auto; fill: rgb(255, 204, 0);"><g clip-path="url(#3b8wbmf19a)" transform="translate(-202 -2221)"><g clip-path="url(#n79ah32ilb)" transform="translate(202 2221)"><g clip-path="url(#h1bi9j7dcc)" transform="translate(1.25 2.5)"><path stroke="#767676" stroke-miterlimit="5" d="m8.75 12.188-5.143 2.51.982-5.318L.43 5.614l5.75-.776L8.75 0l2.572 4.838 5.75.776L12.91 9.38l.982 5.318-5.143-2.51z"></path></g></g></g></svg><svg xmlns="http://www.w3.org/2000/svg" width="10" height="20" viewBox="0 0 10 20" class="oct-icon" aria-hidden="true" aria-label="" style="height: 14px; width: auto; fill: rgb(255, 204, 0);"><g clip-path="url(#7gjj25igta)" transform="translate(-232 -2221)"><g clip-path="url(#dvqif6313b)" transform="translate(232 2221)"><g clip-path="url(#6r7ozri4zc)" transform="translate(-8.75 2.5)"><path stroke="#767676" stroke-miterlimit="5" d="m8.75 12.188-5.143 2.51.982-5.318L.43 5.614l5.75-.776L8.75 0l2.572 4.838 5.75.776L12.91 9.38l.982 5.318-5.143-2.51z"></path></g></g></g></svg></span></div><div class="oct-reviews__optionalText"><a href="https://www.boots.com/boots-ingredients-salicylic-acid-serum-30ml-10320918p#BVRRContainer" class="oct-link oct-link--theme-text oct-color--boots-blue oct-reviews__count" aria-label="5 stars out of 5. 4 reviews"><span class="oct-reviews__optionalTextCount">(4)</span></a></div></div></div><div class="oct-teaser__offer__container" aria-label=""><div class="oct-teaser__wrap"><button data-testid="button" class="oct-button oct-button--ellipses oct-button--cta oct-button--cta-default oct-button--cta-default-responsive oct-teaser__offer oct-teaser__offer--isAvailable oct-button--cta-custom" aria-label="Save 10 percent on selected Boots Brand with your Advantage Card - discount applied at basket"><div class="oct-button__content">Save 10 percent on selected Boots Brand with your Advantage Card - discount applied at basket</div></button></div></div><div class="oct-teaser__price-wrapper oct-teaser__price-wrapper--current"><div class="oct-teaser__price-col1-wrapper"><p class="oct-text oct-text--standard oct-text--size_m oct-aem-text oct-aem-text--p--variant-subtext oct-teaser__productPrice" data-testid="text">£7.00</p><div class="oct-teaser__product-price-wrapper"></div></div></div><div class="oct-teaser__price-detail-wrapper"><p class="oct-text oct-text--standard oct-text--size_m oct-aem-text oct-aem-text--p--variant-subtext oct-teaser__productPriceDetail" data-testid="text">30ML | £23.33 per 100ML</p></div></div><div class="oct-teaser__calls-to-action oct-teaser__calls-to-action--two oct-teaser__calls-to-action--left"></div></div></div><div class="oct-teaser__foreground"><a href="https://www.boots.com/boots-ingredients-salicylic-acid-serum-30ml-10320918p" class="oct-link oct-link--theme-text oct-color--boots-blue oct-teaser-wrapper-link" tabindex="-1" aria-hidden="true" data-promo-creative="25% teaser" data-promo-position=""><div class="oct-image-link-wrapper"><img src="https://boots.scene7.com/is/image/Boots/10320918?op_sharpen=1" alt="Foreground image" class="oct-image oct-image--lazy" data-testid="lazy-image" decoding="async" loading="lazy"></div></a></div><div class="oct-teaser__calls-to-action oct-add-to-basket-callToAction oct-add-to-basket-callToAction--with-lister-basket"><div class="oct-add-to-basket"><div class="oct-input__iconContainer"><div></div><input type="hidden" class="oct-input" id="cmProductName_2757155" autocomplete="off" value="Boots Ingredients Salicylic Acid Serum 2% 30ml (10320918.P)" style=""></div><div class="oct-input__iconContainer"><div></div><input type="hidden" class="oct-input" id="catalogEntry_ID" name="catalogEntry_ID" autocomplete="off" value="2757155" style=""></div><div class="oct-input__iconContainer"><div></div><input type="hidden" class="oct-input" id="dlProductId_2757155" name="dlProductId_2757155" autocomplete="off" value="10320918.P" style=""></div><div class="oct-input__iconContainer"><div></div><input type="hidden" class="oct-input" id="dlProductName_2757155" name="dlProductName_2757155" autocomplete="off" value="Boots Ingredients Salicylic Acid Serum 2% 30ml" style=""></div><div class="oct-input__iconContainer"><div></div><input type="hidden" class="oct-input" id="dlParentCatentryID_10320918.P" name="dlParentCatentryID_10320918.P" autocomplete="off" value="2757155" style=""></div><div class="oct-input__iconContainer"><div></div><input type="hidden" class="oct-input" id="dlPackagePartNumber_2757155" name="dlPackagePartNumber_2757155" autocomplete="off" value="" style=""></div><div class="oct-add-to-basket__product_info-container"><div class="oct-add-to-basket__product_add noQuickBuy"><div class="oct-add-to-basket__quickBuySLPContainer quickBuySLPContainer"></div><div class="oct-add-to-basket__shopperActions shopperActions oct-add-to-basket__plp_shopperActions_redesign plp_shopperActions_redesign" id="shopperActionsRedesign2757155"><p class="oct-text oct-text--standard oct-text--size_m oct-aem-text oct-aem-text--p--variant-1 oct-add-to-basket__qty-errorMax qty_errorMax" data-testid="text" id="quantity_msg_2757155">Maximum quantity reached</p><div class="oct-add-to-basket__quantity-section quantity_section quantity_section_redesign" id="quantity_section_2757155"><button data-testid="button" class="oct-button oct-button--ellipses oct-button--cta oct-button--cta-default oct-button--cta-default-primaryTransparent oct-button--cta-default-responsive oct-aem-cta oct-add-to-basket__minus-quantity plus_quantity_disabled minus_quantity_redesign plus_quantity_disabled_redesign control-buttons oct-button--cta-midnight-blue-primary" to="" id="desreseQty_2757155" aria-label="Decrease Quantity Boots Ingredients Salicylic Acid Serum 2% 30ml" aria-hidden="false" data-icon="–"><div class="oct-button__content"></div></button><div class="oct-input__iconContainer"><div></div><input type="text" class="oct-input oct-add-to-basket__quantity-input quantity_input quantity_input_redesign" aria-label="quantity" name="quantity_$2757155" id="quantity_2757155" readonly="" maxlength="2" tabindex="-1" value="1" style=""></div><button data-testid="button" class="oct-button oct-button--ellipses oct-button--cta oct-button--cta-default oct-button--cta-default-primaryTransparent oct-button--cta-default-responsive oct-aem-cta oct-add-to-basket__plus-quantity plus_quantity plus_quantity_redesign control-buttons oct-button--cta-midnight-blue-primary" to="" id="increseQty_2757155" aria-label="Increase Quantity Boots Ingredients Salicylic Acid Serum 2% 30ml" aria-hidden="false" data-icon="+"><div class="oct-button__content"></div></button><div class="oct-add-to-basket__quantity-label quantity_label">in your basket</div></div><div class="oct-input__iconContainer"><div></div><input type="hidden" class="oct-input" name="freeGiftId_2757155" id="freeGiftId_2757155" value="" style=""></div><button data-testid="button" class="oct-button oct-button--ellipses oct-button--cta oct-button--cta-default oct-button--cta-default-primaryTransparent oct-button--cta-default-responsive oct-aem-cta oct-add-to-basket_button oct-button--cta-midnight-blue-primary" to="" id="add2CartBtn_2757155" eeindex="2" data-shop5="" aria-label="Add Boots Ingredients Salicylic Acid Serum 2% 30ml to basket"><div class="oct-button__content"><span class="oct-add-to-basket_button_text button_text button_text_redesign">Add to basket</span></div></button><div class="oct-input__iconContainer"><div></div><input type="hidden" class="oct-input" id="lister_orderItemId_2757155" name="lister_orderItemId" value="" style=""></div><div class="oct-input__iconContainer"><div></div><input type="hidden" class="oct-input" id="lister_orderItemQty_2757155" name="lister_orderItemId" value="0" style=""></div><div class="oct-add-to-basket--overlay" data-testid="oct-add-to-basket"><div class="oct-add-to-basket__overlay-popup oct-overlay-popup" id="basket_confirmation_popup_overlay"></div><div id="basket_confirmation_overlay_2757155" class="oct-add-to-basket__overlay-popup__dialog" style="display: none;"><div class="oct-add-to-basket__overlay-focus" role="dialog" aria-labelledby="2757155-dialog-message"><p class="oct-text oct-text--standard oct-text--size_m oct-aem-text oct-aem-text--p--variant-1 oct-add-to-basket__text" data-testid="text" id="2757155-dialog-message">Are you sure you want to remove this product?</p><a class="oct-link oct-link--theme-text oct-color--boots-blue oct-add-to-basket__close-btn" tabindex="0" title="Close overlay" role="button" aria-label="Close overlay">x</a><div class="row"><button data-testid="button" class="oct-button oct-button--default oct-button--default-default oct-button--default-default-responsive oct-add-to-basket__button-secondary oct-add-to-basket__button button" role="button"><div class="oct-button__content">Yes</div></button><button data-testid="button" class="oct-button oct-button--default oct-button--default-default oct-button--default-default-responsive oct-add-to-basket__button-tertiary oct-add-to-basket__button button" role="button"><div class="oct-button__content">No</div></button></div></div></div></div></div></div></div><div id="entitledItem_2757155" style="display: none;">[ { "catentry_id" : 2757156, "Attributes" : { }, "ItemImage" :
          "/wcsstore/eBootsStorefrontAssetStore/images/NoImageIcon.jpg",
          "ItemImage467" :
          "/wcsstore/eBootsStorefrontAssetStore/images/NoImageIcon.jpg",
          "ItemThumbnailImage" :
          "/wcsstore/eBootsStorefrontAssetStore/images/NoImageIcon_sm.jpg" } ]</div></div></div></div></div></div><div data-testid="cell" class="oct-grid__cell oct-grid__cell--width-3 oct-grid__cell--small-6 oct-grid__cell--medium-small-4 oct-grid__cell--medium-4 oct-grid__cell--medium-large-4 oct-listers-hits__item hit oct-listers__item--with-inGrid" data-insights-position="39" data-insights-query-id="9e35482c34e960965eebfb9265ec00be" data-insights-object-id="3033269" data-productid="10352437.P"><div class="oct-teaser-wrapper oct-teaser-with-basket oct-teaser-with-basket--productTile oct-teaser-with-lister-basket oct-teaser--listers oct-teaser--listers-default"><div class="oct-teaser oct-teaser--theme-productTile oct-teaser--border" style="text-align: left;"><div class="oct-teaser__promotion-offer-roundel-wrapper"><div class="oct-teaser__promotion-offer-roundel-item oct-teaser__promotion-offer-roundel-item--offer" aria-label="Item on offer" role="img">Offer</div></div><div class="oct-add-to-favorites" tabindex="0" role="checkbox" aria-checked="false" aria-label="Add item to favourites"><span class="oct-add-to-favorites__icon"></span></div><div class="oct-teaser__contents oct-teaser__contents--only-foreground-image"><div class="oct-teaser__contents-panel oct-teaser__contents-panel"><div class="oct-teaser__contents-panel--main-content"><div><img src="data:image/svg+xml;base64,PHN2ZyB4bWxucz0iaHR0cDovL3d3dy53My5vcmcvMjAwMC9zdmciIHdpZHRoPSIzMjUiIGhlaWdodD0iMzI1Ij48cmVjdCB3aWR0aD0iMTAwJSIgaGVpZ2h0PSIxMDAlIiBzdHlsZT0iZmlsbDojZjJmMmYyIi8+PC9zdmc+" alt="test" class="oct-image oct-teaser__contents-panel__logo oct-teaser__contents-panel__logo--small oct-image--lazy" data-testid="lazy-image" decoding="async" loading="lazy"></div><a href="https://www.boots.com/isntree-hyaluronic-acid-moist-cream-100ml-10352437" class="oct-link oct-link--theme-text oct-color--boots-blue oct-teaser__title-link" aria-label="" title="Isntree Hyaluronic Acid Moist Cream 100ml"><h3 class="oct-text oct-text--standard oct-text--size_m oct-aem-text oct-aem-text--h3--variant-1 oct-teaser__subtitle" data-testid="text">none</h3><div><h3 class="oct-text oct-text--standard oct-text--size_m oct-aem-text oct-aem-text--h3--variant-2 oct-teaser__title oct-teaser-with-listers" data-testid="text">Isntree Hyaluronic Acid Moist Cream 100ml</h3></div></a><div class="oct-reviews__reviews-container" aria-label=""><div class="oct-reviews"><div class="oct-reviews__icons" data-testid="reviews__icons"><span><svg xmlns="http://www.w3.org/2000/svg" width="10" height="20" viewBox="0 0 10 20" class="oct-icon" aria-hidden="true" aria-label="" style="height: 14px; width: auto; fill: rgb(255, 204, 0);"><g clip-path="url(#3b8wbmf19a)" transform="translate(-202 -2221)"><g clip-path="url(#n79ah32ilb)" transform="translate(202 2221)"><g clip-path="url(#h1bi9j7dcc)" transform="translate(1.25 2.5)"><path stroke="#767676" stroke-miterlimit="5" d="m8.75 12.188-5.143 2.51.982-5.318L.43 5.614l5.75-.776L8.75 0l2.572 4.838 5.75.776L12.91 9.38l.982 5.318-5.143-2.51z"></path></g></g></g></svg><svg xmlns="http://www.w3.org/2000/svg" width="10" height="20" viewBox="0 0 10 20" class="oct-icon" aria-hidden="true" aria-label="" style="height: 14px; width: auto; fill: rgb(255, 204, 0);"><g clip-path="url(#7gjj25igta)" transform="translate(-232 -2221)"><g clip-path="url(#dvqif6313b)" transform="translate(232 2221)"><g clip-path="url(#6r7ozri4zc)" transform="translate(-8.75 2.5)"><path stroke="#767676" stroke-miterlimit="5" d="m8.75 12.188-5.143 2.51.982-5.318L.43 5.614l5.75-.776L8.75 0l2.572 4.838 5.75.776L12.91 9.38l.982 5.318-5.143-2.51z"></path></g></g></g></svg></span><span><svg xmlns="http://www.w3.org/2000/svg" width="10" height="20" viewBox="0 0 10 20" class="oct-icon" aria-hidden="true" aria-label="" style="height: 14px; width: auto; fill: rgb(255, 204, 0);"><g clip-path="url(#3b8wbmf19a)" transform="translate(-202 -2221)"><g clip-path="url(#n79ah32ilb)" transform="translate(202 2221)"><g clip-path="url(#h1bi9j7dcc)" transform="translate(1.25 2.5)"><path stroke="#767676" stroke-miterlimit="5" d="m8.75 12.188-5.143 2.51.982-5.318L.43 5.614l5.75-.776L8.75 0l2.572 4.838 5.75.776L12.91 9.38l.982 5.318-5.143-2.51z"></path></g></g></g></svg><svg xmlns="http://www.w3.org/2000/svg" width="10" height="20" viewBox="0 0 10 20" class="oct-icon" aria-hidden="true" aria-label="" style="height: 14px; width: auto; fill: rgb(255, 204, 0);"><g clip-path="url(#7gjj25igta)" transform="translate(-232 -2221)"><g clip-path="url(#dvqif6313b)" transform="translate(232 2221)"><g clip-path="url(#6r7ozri4zc)" transform="translate(-8.75 2.5)"><path stroke="#767676" stroke-miterlimit="5" d="m8.75 12.188-5.143 2.51.982-5.318L.43 5.614l5.75-.776L8.75 0l2.572 4.838 5.75.776L12.91 9.38l.982 5.318-5.143-2.51z"></path></g></g></g></svg></span><span><svg xmlns="http://www.w3.org/2000/svg" width="10" height="20" viewBox="0 0 10 20" class="oct-icon" aria-hidden="true" aria-label="" style="height: 14px; width: auto; fill: rgb(255, 204, 0);"><g clip-path="url(#3b8wbmf19a)" transform="translate(-202 -2221)"><g clip-path="url(#n79ah32ilb)" transform="translate(202 2221)"><g clip-path="url(#h1bi9j7dcc)" transform="translate(1.25 2.5)"><path stroke="#767676" stroke-miterlimit="5" d="m8.75 12.188-5.143 2.51.982-5.318L.43 5.614l5.75-.776L8.75 0l2.572 4.838 5.75.776L12.91 9.38l.982 5.318-5.143-2.51z"></path></g></g></g></svg><svg xmlns="http://www.w3.org/2000/svg" width="10" height="20" viewBox="0 0 10 20" class="oct-icon" aria-hidden="true" aria-label="" style="height: 14px; width: auto; fill: rgb(255, 204, 0);"><g clip-path="url(#7gjj25igta)" transform="translate(-232 -2221)"><g clip-path="url(#dvqif6313b)" transform="translate(232 2221)"><g clip-path="url(#6r7ozri4zc)" transform="translate(-8.75 2.5)"><path stroke="#767676" stroke-miterlimit="5" d="m8.75 12.188-5.143 2.51.982-5.318L.43 5.614l5.75-.776L8.75 0l2.572 4.838 5.75.776L12.91 9.38l.982 5.318-5.143-2.51z"></path></g></g></g></svg></span><span><svg xmlns="http://www.w3.org/2000/svg" width="10" height="20" viewBox="0 0 10 20" class="oct-icon" aria-hidden="true" aria-label="" style="height: 14px; width: auto; fill: rgb(255, 204, 0);"><g clip-path="url(#3b8wbmf19a)" transform="translate(-202 -2221)"><g clip-path="url(#n79ah32ilb)" transform="translate(202 2221)"><g clip-path="url(#h1bi9j7dcc)" transform="translate(1.25 2.5)"><path stroke="#767676" stroke-miterlimit="5" d="m8.75 12.188-5.143 2.51.982-5.318L.43 5.614l5.75-.776L8.75 0l2.572 4.838 5.75.776L12.91 9.38l.982 5.318-5.143-2.51z"></path></g></g></g></svg><svg xmlns="http://www.w3.org/2000/svg" width="10" height="20" viewBox="0 0 10 20" class="oct-icon" aria-hidden="true" aria-label="" style="height: 14px; width: auto; fill: rgb(255, 204, 0);"><g clip-path="url(#7gjj25igta)" transform="translate(-232 -2221)"><g clip-path="url(#dvqif6313b)" transform="translate(232 2221)"><g clip-path="url(#6r7ozri4zc)" transform="translate(-8.75 2.5)"><path stroke="#767676" stroke-miterlimit="5" d="m8.75 12.188-5.143 2.51.982-5.318L.43 5.614l5.75-.776L8.75 0l2.572 4.838 5.75.776L12.91 9.38l.982 5.318-5.143-2.51z"></path></g></g></g></svg></span><span><svg xmlns="http://www.w3.org/2000/svg" width="10" height="20" viewBox="0 0 10 20" class="oct-icon" aria-hidden="true" aria-label="" style="height: 14px; width: auto; fill: rgb(255, 204, 0);"><g clip-path="url(#3b8wbmf19a)" transform="translate(-202 -2221)"><g clip-path="url(#n79ah32ilb)" transform="translate(202 2221)"><g clip-path="url(#h1bi9j7dcc)" transform="translate(1.25 2.5)"><path stroke="#767676" stroke-miterlimit="5" d="m8.75 12.188-5.143 2.51.982-5.318L.43 5.614l5.75-.776L8.75 0l2.572 4.838 5.75.776L12.91 9.38l.982 5.318-5.143-2.51z"></path></g></g></g></svg><svg xmlns="http://www.w3.org/2000/svg" width="10" height="20" viewBox="0 0 10 20" class="oct-icon" aria-hidden="true" aria-label="" style="height: 14px; width: auto; fill: rgb(255, 204, 0);"><g clip-path="url(#7gjj25igta)" transform="translate(-232 -2221)"><g clip-path="url(#dvqif6313b)" transform="translate(232 2221)"><g clip-path="url(#6r7ozri4zc)" transform="translate(-8.75 2.5)"><path stroke="#767676" stroke-miterlimit="5" d="m8.75 12.188-5.143 2.51.982-5.318L.43 5.614l5.75-.776L8.75 0l2.572 4.838 5.75.776L12.91 9.38l.982 5.318-5.143-2.51z"></path></g></g></g></svg></span></div><div class="oct-reviews__optionalText"><a href="https://www.boots.com/isntree-hyaluronic-acid-moist-cream-100ml-10352437#BVRRContainer" class="oct-link oct-link--theme-text oct-color--boots-blue oct-reviews__count" aria-label="5 stars out of 5. 2 reviews"><span class="oct-reviews__optionalTextCount">(2)</span></a></div></div></div><div class="oct-teaser__offer__container" aria-label=""><div class="oct-teaser__wrap"><button data-testid="button" class="oct-button oct-button--ellipses oct-button--cta oct-button--cta-default oct-button--cta-default-responsive oct-teaser__offer oct-teaser__offer--isAvailable oct-button--cta-custom" aria-label="Save 10 percent on selected Beauty Skincare"><div class="oct-button__content">Save 10 percent on selected Beauty Skincare</div></button></div></div><div class="oct-teaser__price-wrapper oct-teaser__price-wrapper--saving oct-teaser__price-wrapper--current"><div class="oct-teaser__price-col1-wrapper"><p class="oct-text oct-text--standard oct-text--size_m oct-aem-text oct-aem-text--p--variant-subtext oct-teaser__productPrice" data-testid="text">£16.20</p><div class="oct-teaser__product-price-wrapper"><p class="oct-text oct-text--standard oct-text--size_m oct-aem-text oct-aem-text--p--variant-subtext oct-teaser__productPriceSave" data-testid="text">Save £1.80</p></div><p class="oct-text oct-text--standard oct-text--size_m oct-aem-text oct-aem-text--p--variant-subtext oct-teaser__productPriceWas" data-testid="text">Was £18.00</p></div></div><div class="oct-teaser__price-detail-wrapper"><p class="oct-text oct-text--standard oct-text--size_m oct-aem-text oct-aem-text--p--variant-subtext oct-teaser__productPriceDetail" data-testid="text">100ML | £16.20 per 100ML</p></div></div><div class="oct-teaser__calls-to-action oct-teaser__calls-to-action--two oct-teaser__calls-to-action--left"></div></div></div><div class="oct-teaser__foreground"><a href="https://www.boots.com/isntree-hyaluronic-acid-moist-cream-100ml-10352437" class="oct-link oct-link--theme-text oct-color--boots-blue oct-teaser-wrapper-link" tabindex="-1" aria-hidden="true" data-promo-creative="25% teaser" data-promo-position=""><div class="oct-image-link-wrapper"><img src="https://boots.scene7.com/is/image/Boots/10352437?op_sharpen=1" alt="Foreground image" class="oct-image oct-image--lazy" data-testid="lazy-image" decoding="async" loading="lazy"></div></a></div><div class="oct-teaser__calls-to-action oct-add-to-basket-callToAction oct-add-to-basket-callToAction--with-lister-basket"><div class="oct-add-to-basket"><div class="oct-input__iconContainer"><div></div><input type="hidden" class="oct-input" id="cmProductName_3033268" autocomplete="off" value="Isntree Hyaluronic Acid Moist Cream 100ml (10352437.P)" style=""></div><div class="oct-input__iconContainer"><div></div><input type="hidden" class="oct-input" id="catalogEntry_ID" name="catalogEntry_ID" autocomplete="off" value="3033268" style=""></div><div class="oct-input__iconContainer"><div></div><input type="hidden" class="oct-input" id="dlProductId_3033268" name="dlProductId_3033268" autocomplete="off" value="10352437.P" style=""></div><div class="oct-input__iconContainer"><div></div><input type="hidden" class="oct-input" id="dlProductName_3033268" name="dlProductName_3033268" autocomplete="off" value="Isntree Hyaluronic Acid Moist Cream 100ml" style=""></div><div class="oct-input__iconContainer"><div></div><input type="hidden" class="oct-input" id="dlParentCatentryID_10352437.P" name="dlParentCatentryID_10352437.P" autocomplete="off" value="3033268" style=""></div><div class="oct-input__iconContainer"><div></div><input type="hidden" class="oct-input" id="dlPackagePartNumber_3033268" name="dlPackagePartNumber_3033268" autocomplete="off" value="" style=""></div><div class="oct-add-to-basket__product_info-container"><div class="oct-add-to-basket__product_add noQuickBuy"><div class="oct-add-to-basket__quickBuySLPContainer quickBuySLPContainer"></div><div class="oct-add-to-basket__shopperActions shopperActions oct-add-to-basket__plp_shopperActions_redesign plp_shopperActions_redesign" id="shopperActionsRedesign3033268"><p class="oct-text oct-text--standard oct-text--size_m oct-aem-text oct-aem-text--p--variant-1 oct-add-to-basket__qty-errorMax qty_errorMax" data-testid="text" id="quantity_msg_3033268">Maximum quantity reached</p><div class="oct-add-to-basket__quantity-section quantity_section quantity_section_redesign" id="quantity_section_3033268"><button data-testid="button" class="oct-button oct-button--ellipses oct-button--cta oct-button--cta-default oct-button--cta-default-primaryTransparent oct-button--cta-default-responsive oct-aem-cta oct-add-to-basket__minus-quantity plus_quantity_disabled minus_quantity_redesign plus_quantity_disabled_redesign control-buttons oct-button--cta-midnight-blue-primary" to="" id="desreseQty_3033268" aria-label="Decrease Quantity Isntree Hyaluronic Acid Moist Cream 100ml" aria-hidden="false" data-icon="–"><div class="oct-button__content"></div></button><div class="oct-input__iconContainer"><div></div><input type="text" class="oct-input oct-add-to-basket__quantity-input quantity_input quantity_input_redesign" aria-label="quantity" name="quantity_$3033268" id="quantity_3033268" readonly="" maxlength="2" tabindex="-1" value="1" style=""></div><button data-testid="button" class="oct-button oct-button--ellipses oct-button--cta oct-button--cta-default oct-button--cta-default-primaryTransparent oct-button--cta-default-responsive oct-aem-cta oct-add-to-basket__plus-quantity plus_quantity plus_quantity_redesign control-buttons oct-button--cta-midnight-blue-primary" to="" id="increseQty_3033268" aria-label="Increase Quantity Isntree Hyaluronic Acid Moist Cream 100ml" aria-hidden="false" data-icon="+"><div class="oct-button__content"></div></button><div class="oct-add-to-basket__quantity-label quantity_label">in your basket</div></div><div class="oct-input__iconContainer"><div></div><input type="hidden" class="oct-input" name="freeGiftId_3033268" id="freeGiftId_3033268" value="" style=""></div><button data-testid="button" class="oct-button oct-button--ellipses oct-button--cta oct-button--cta-default oct-button--cta-default-primaryTransparent oct-button--cta-default-responsive oct-aem-cta oct-add-to-basket_button oct-button--cta-midnight-blue-primary" to="" id="add2CartBtn_3033268" eeindex="2" data-shop5="" aria-label="Add Isntree Hyaluronic Acid Moist Cream 100ml to basket"><div class="oct-button__content"><span class="oct-add-to-basket_button_text button_text button_text_redesign">Add to basket</span></div></button><div class="oct-input__iconContainer"><div></div><input type="hidden" class="oct-input" id="lister_orderItemId_3033268" name="lister_orderItemId" value="" style=""></div><div class="oct-input__iconContainer"><div></div><input type="hidden" class="oct-input" id="lister_orderItemQty_3033268" name="lister_orderItemId" value="0" style=""></div><div class="oct-add-to-basket--overlay" data-testid="oct-add-to-basket"><div class="oct-add-to-basket__overlay-popup oct-overlay-popup" id="basket_confirmation_popup_overlay"></div><div id="basket_confirmation_overlay_3033268" class="oct-add-to-basket__overlay-popup__dialog" style="display: none;"><div class="oct-add-to-basket__overlay-focus" role="dialog" aria-labelledby="3033268-dialog-message"><p class="oct-text oct-text--standard oct-text--size_m oct-aem-text oct-aem-text--p--variant-1 oct-add-to-basket__text" data-testid="text" id="3033268-dialog-message">Are you sure you want to remove this product?</p><a class="oct-link oct-link--theme-text oct-color--boots-blue oct-add-to-basket__close-btn" tabindex="0" title="Close overlay" role="button" aria-label="Close overlay">x</a><div class="row"><button data-testid="button" class="oct-button oct-button--default oct-button--default-default oct-button--default-default-responsive oct-add-to-basket__button-secondary oct-add-to-basket__button button" role="button"><div class="oct-button__content">Yes</div></button><button data-testid="button" class="oct-button oct-button--default oct-button--default-default oct-button--default-default-responsive oct-add-to-basket__button-tertiary oct-add-to-basket__button button" role="button"><div class="oct-button__content">No</div></button></div></div></div></div></div></div></div><div id="entitledItem_3033268" style="display: none;">[ { "catentry_id" : 3033269, "Attributes" : { }, "ItemImage" :
          "/wcsstore/eBootsStorefrontAssetStore/images/NoImageIcon.jpg",
          "ItemImage467" :
          "/wcsstore/eBootsStorefrontAssetStore/images/NoImageIcon.jpg",
          "ItemThumbnailImage" :
          "/wcsstore/eBootsStorefrontAssetStore/images/NoImageIcon_sm.jpg" } ]</div></div></div></div></div></div><div data-testid="cell" class="oct-grid__cell oct-grid__cell--width-3 oct-grid__cell--small-6 oct-grid__cell--medium-small-4 oct-grid__cell--medium-4 oct-grid__cell--medium-large-4 oct-listers-hits__item hit oct-listers__item--with-inGrid" data-insights-position="40" data-insights-query-id="9e35482c34e960965eebfb9265ec00be" data-insights-object-id="2922603" data-productid="10338994.P"><div class="oct-teaser-wrapper oct-teaser-with-basket oct-teaser-with-basket--productTile oct-teaser-with-lister-basket oct-teaser--listers oct-teaser--listers-default"><div class="oct-teaser oct-teaser--theme-productTile oct-teaser--border" style="text-align: left;"><div class="oct-teaser__promotion-offer-roundel-wrapper"><div class="oct-teaser__promotion-offer-roundel-item oct-teaser__promotion-offer-roundel-item--offer" aria-label="Item on offer" role="img">Offer</div></div><div class="oct-add-to-favorites" tabindex="0" role="checkbox" aria-checked="false" aria-label="Add item to favourites"><span class="oct-add-to-favorites__icon"></span></div><div class="oct-teaser__contents oct-teaser__contents--only-foreground-image"><div class="oct-teaser__contents-panel oct-teaser__contents-panel"><div class="oct-teaser__contents-panel--main-content"><div><img src="data:image/svg+xml;base64,PHN2ZyB4bWxucz0iaHR0cDovL3d3dy53My5vcmcvMjAwMC9zdmciIHdpZHRoPSIzMjUiIGhlaWdodD0iMzI1Ij48cmVjdCB3aWR0aD0iMTAwJSIgaGVpZ2h0PSIxMDAlIiBzdHlsZT0iZmlsbDojZjJmMmYyIi8+PC9zdmc+" alt="test" class="oct-image oct-teaser__contents-panel__logo oct-teaser__contents-panel__logo--small oct-image--lazy" data-testid="lazy-image" decoding="async" loading="lazy"></div><a href="https://www.boots.com/weleda-skin-food-cleanse-and-replenish-x-2-gift-10338994" class="oct-link oct-link--theme-text oct-color--boots-blue oct-teaser__title-link" aria-label="" title="Weleda skinfood cleanx2 fullsize giftset"><h3 class="oct-text oct-text--standard oct-text--size_m oct-aem-text oct-aem-text--h3--variant-1 oct-teaser__subtitle" data-testid="text">none</h3><div><h3 class="oct-text oct-text--standard oct-text--size_m oct-aem-text oct-aem-text--h3--variant-2 oct-teaser__title oct-teaser-with-listers" data-testid="text">Weleda skinfood cleanx2 fullsize giftset</h3></div></a><div class="oct-reviews__reviews-container" aria-label=""><div class="oct-reviews"><div class="oct-reviews__icons" data-testid="reviews__icons"><span><svg xmlns="http://www.w3.org/2000/svg" width="10" height="20" viewBox="0 0 10 20" class="oct-icon" aria-hidden="true" aria-label="" style="height: 14px; width: auto; fill: rgb(255, 204, 0);"><g clip-path="url(#3b8wbmf19a)" transform="translate(-202 -2221)"><g clip-path="url(#n79ah32ilb)" transform="translate(202 2221)"><g clip-path="url(#h1bi9j7dcc)" transform="translate(1.25 2.5)"><path stroke="#767676" stroke-miterlimit="5" d="m8.75 12.188-5.143 2.51.982-5.318L.43 5.614l5.75-.776L8.75 0l2.572 4.838 5.75.776L12.91 9.38l.982 5.318-5.143-2.51z"></path></g></g></g></svg><svg xmlns="http://www.w3.org/2000/svg" width="10" height="20" viewBox="0 0 10 20" class="oct-icon" aria-hidden="true" aria-label="" style="height: 14px; width: auto; fill: rgb(255, 204, 0);"><g clip-path="url(#7gjj25igta)" transform="translate(-232 -2221)"><g clip-path="url(#dvqif6313b)" transform="translate(232 2221)"><g clip-path="url(#6r7ozri4zc)" transform="translate(-8.75 2.5)"><path stroke="#767676" stroke-miterlimit="5" d="m8.75 12.188-5.143 2.51.982-5.318L.43 5.614l5.75-.776L8.75 0l2.572 4.838 5.75.776L12.91 9.38l.982 5.318-5.143-2.51z"></path></g></g></g></svg></span><span><svg xmlns="http://www.w3.org/2000/svg" width="10" height="20" viewBox="0 0 10 20" class="oct-icon" aria-hidden="true" aria-label="" style="height: 14px; width: auto; fill: rgb(255, 204, 0);"><g clip-path="url(#3b8wbmf19a)" transform="translate(-202 -2221)"><g clip-path="url(#n79ah32ilb)" transform="translate(202 2221)"><g clip-path="url(#h1bi9j7dcc)" transform="translate(1.25 2.5)"><path stroke="#767676" stroke-miterlimit="5" d="m8.75 12.188-5.143 2.51.982-5.318L.43 5.614l5.75-.776L8.75 0l2.572 4.838 5.75.776L12.91 9.38l.982 5.318-5.143-2.51z"></path></g></g></g></svg><svg xmlns="http://www.w3.org/2000/svg" width="10" height="20" viewBox="0 0 10 20" class="oct-icon" aria-hidden="true" aria-label="" style="height: 14px; width: auto; fill: rgb(255, 204, 0);"><g clip-path="url(#7gjj25igta)" transform="translate(-232 -2221)"><g clip-path="url(#dvqif6313b)" transform="translate(232 2221)"><g clip-path="url(#6r7ozri4zc)" transform="translate(-8.75 2.5)"><path stroke="#767676" stroke-miterlimit="5" d="m8.75 12.188-5.143 2.51.982-5.318L.43 5.614l5.75-.776L8.75 0l2.572 4.838 5.75.776L12.91 9.38l.982 5.318-5.143-2.51z"></path></g></g></g></svg></span><span><svg xmlns="http://www.w3.org/2000/svg" width="10" height="20" viewBox="0 0 10 20" class="oct-icon" aria-hidden="true" aria-label="" style="height: 14px; width: auto; fill: rgb(255, 204, 0);"><g clip-path="url(#3b8wbmf19a)" transform="translate(-202 -2221)"><g clip-path="url(#n79ah32ilb)" transform="translate(202 2221)"><g clip-path="url(#h1bi9j7dcc)" transform="translate(1.25 2.5)"><path stroke="#767676" stroke-miterlimit="5" d="m8.75 12.188-5.143 2.51.982-5.318L.43 5.614l5.75-.776L8.75 0l2.572 4.838 5.75.776L12.91 9.38l.982 5.318-5.143-2.51z"></path></g></g></g></svg><svg xmlns="http://www.w3.org/2000/svg" width="10" height="20" viewBox="0 0 10 20" class="oct-icon" aria-hidden="true" aria-label="" style="height: 14px; width: auto; fill: rgb(255, 204, 0);"><g clip-path="url(#7gjj25igta)" transform="translate(-232 -2221)"><g clip-path="url(#dvqif6313b)" transform="translate(232 2221)"><g clip-path="url(#6r7ozri4zc)" transform="translate(-8.75 2.5)"><path stroke="#767676" stroke-miterlimit="5" d="m8.75 12.188-5.143 2.51.982-5.318L.43 5.614l5.75-.776L8.75 0l2.572 4.838 5.75.776L12.91 9.38l.982 5.318-5.143-2.51z"></path></g></g></g></svg></span><span><svg xmlns="http://www.w3.org/2000/svg" width="10" height="20" viewBox="0 0 10 20" class="oct-icon" aria-hidden="true" aria-label="" style="height: 14px; width: auto; fill: rgb(255, 204, 0);"><g clip-path="url(#3b8wbmf19a)" transform="translate(-202 -2221)"><g clip-path="url(#n79ah32ilb)" transform="translate(202 2221)"><g clip-path="url(#h1bi9j7dcc)" transform="translate(1.25 2.5)"><path stroke="#767676" stroke-miterlimit="5" d="m8.75 12.188-5.143 2.51.982-5.318L.43 5.614l5.75-.776L8.75 0l2.572 4.838 5.75.776L12.91 9.38l.982 5.318-5.143-2.51z"></path></g></g></g></svg><svg xmlns="http://www.w3.org/2000/svg" width="10" height="20" viewBox="0 0 10 20" class="oct-icon" aria-hidden="true" aria-label="" style="height: 14px; width: auto; fill: rgb(255, 204, 0);"><g clip-path="url(#7gjj25igta)" transform="translate(-232 -2221)"><g clip-path="url(#dvqif6313b)" transform="translate(232 2221)"><g clip-path="url(#6r7ozri4zc)" transform="translate(-8.75 2.5)"><path stroke="#767676" stroke-miterlimit="5" d="m8.75 12.188-5.143 2.51.982-5.318L.43 5.614l5.75-.776L8.75 0l2.572 4.838 5.75.776L12.91 9.38l.982 5.318-5.143-2.51z"></path></g></g></g></svg></span><span><svg xmlns="http://www.w3.org/2000/svg" width="10" height="20" viewBox="0 0 10 20" class="oct-icon" aria-hidden="true" aria-label="" style="height: 14px; width: auto; fill: rgb(255, 204, 0);"><g clip-path="url(#3b8wbmf19a)" transform="translate(-202 -2221)"><g clip-path="url(#n79ah32ilb)" transform="translate(202 2221)"><g clip-path="url(#h1bi9j7dcc)" transform="translate(1.25 2.5)"><path stroke="#767676" stroke-miterlimit="5" d="m8.75 12.188-5.143 2.51.982-5.318L.43 5.614l5.75-.776L8.75 0l2.572 4.838 5.75.776L12.91 9.38l.982 5.318-5.143-2.51z"></path></g></g></g></svg><svg xmlns="http://www.w3.org/2000/svg" width="10" height="20" viewBox="0 0 10 20" class="oct-icon" aria-hidden="true" aria-label="" style="height: 14px; width: auto; fill: rgb(255, 204, 0);"><g clip-path="url(#7gjj25igta)" transform="translate(-232 -2221)"><g clip-path="url(#dvqif6313b)" transform="translate(232 2221)"><g clip-path="url(#6r7ozri4zc)" transform="translate(-8.75 2.5)"><path stroke="#767676" stroke-miterlimit="5" d="m8.75 12.188-5.143 2.51.982-5.318L.43 5.614l5.75-.776L8.75 0l2.572 4.838 5.75.776L12.91 9.38l.982 5.318-5.143-2.51z"></path></g></g></g></svg></span></div><div class="oct-reviews__optionalText"><a href="https://www.boots.com/weleda-skin-food-cleanse-and-replenish-x-2-gift-10338994#BVRRContainer" class="oct-link oct-link--theme-text oct-color--boots-blue oct-reviews__count" aria-label="5 stars out of 5. 1 reviews"><span class="oct-reviews__optionalTextCount">(1)</span></a></div></div></div><div class="oct-teaser__offer__container" aria-label=""><div class="oct-teaser__wrap"><button data-testid="button" class="oct-button oct-button--ellipses oct-button--cta oct-button--cta-default oct-button--cta-default-responsive oct-teaser__offer oct-teaser__offer--isAvailable oct-button--cta-custom" aria-label="Great Savings on Mother's Day gifts"><div class="oct-button__content">Great Savings on Mother's Day gifts</div></button></div></div><div class="oct-teaser__price-wrapper oct-teaser__price-wrapper--saving oct-teaser__price-wrapper--current"><div class="oct-teaser__price-col1-wrapper"><p class="oct-text oct-text--standard oct-text--size_m oct-aem-text oct-aem-text--p--variant-subtext oct-teaser__productPrice" data-testid="text">£8.63</p><div class="oct-teaser__product-price-wrapper"><p class="oct-text oct-text--standard oct-text--size_m oct-aem-text oct-aem-text--p--variant-subtext oct-teaser__productPriceSave" data-testid="text">Save £4.32</p></div><p class="oct-text oct-text--standard oct-text--size_m oct-aem-text oct-aem-text--p--variant-subtext oct-teaser__productPriceWas" data-testid="text">Was £12.95</p></div></div><div class="oct-teaser__price-detail-wrapper"><p class="oct-text oct-text--standard oct-text--size_m oct-aem-text oct-aem-text--p--variant-subtext oct-teaser__productPriceDetail" data-testid="text"></p></div></div><div class="oct-teaser__calls-to-action oct-teaser__calls-to-action--two oct-teaser__calls-to-action--left"></div></div></div><div class="oct-teaser__foreground"><a href="https://www.boots.com/weleda-skin-food-cleanse-and-replenish-x-2-gift-10338994" class="oct-link oct-link--theme-text oct-color--boots-blue oct-teaser-wrapper-link" tabindex="-1" aria-hidden="true" data-promo-creative="25% teaser" data-promo-position=""><div class="oct-image-link-wrapper"><img src="https://boots.scene7.com/is/image/Boots/10338994?op_sharpen=1" alt="Foreground image" class="oct-image oct-image--lazy" data-testid="lazy-image" decoding="async" loading="lazy"></div></a></div><div class="oct-teaser__calls-to-action oct-add-to-basket-callToAction oct-add-to-basket-callToAction--with-lister-basket"><div class="oct-add-to-basket"><div class="oct-input__iconContainer"><div></div><input type="hidden" class="oct-input" id="cmProductName_2922602" autocomplete="off" value="Weleda skinfood cleanx2 fullsize giftset (10338994.P)" style=""></div><div class="oct-input__iconContainer"><div></div><input type="hidden" class="oct-input" id="catalogEntry_ID" name="catalogEntry_ID" autocomplete="off" value="2922602" style=""></div><div class="oct-input__iconContainer"><div></div><input type="hidden" class="oct-input" id="dlProductId_2922602" name="dlProductId_2922602" autocomplete="off" value="10338994.P" style=""></div><div class="oct-input__iconContainer"><div></div><input type="hidden" class="oct-input" id="dlProductName_2922602" name="dlProductName_2922602" autocomplete="off" value="Weleda skinfood cleanx2 fullsize giftset" style=""></div><div class="oct-input__iconContainer"><div></div><input type="hidden" class="oct-input" id="dlParentCatentryID_10338994.P" name="dlParentCatentryID_10338994.P" autocomplete="off" value="2922602" style=""></div><div class="oct-input__iconContainer"><div></div><input type="hidden" class="oct-input" id="dlPackagePartNumber_2922602" name="dlPackagePartNumber_2922602" autocomplete="off" value="" style=""></div><div class="oct-add-to-basket__product_info-container"><div class="oct-add-to-basket__product_add noQuickBuy"><div class="oct-add-to-basket__quickBuySLPContainer quickBuySLPContainer"></div><div class="oct-add-to-basket__shopperActions shopperActions oct-add-to-basket__plp_shopperActions_redesign plp_shopperActions_redesign" id="shopperActionsRedesign2922602"><p class="oct-text oct-text--standard oct-text--size_m oct-aem-text oct-aem-text--p--variant-1 oct-add-to-basket__qty-errorMax qty_errorMax" data-testid="text" id="quantity_msg_2922602">Maximum quantity reached</p><div class="oct-add-to-basket__quantity-section quantity_section quantity_section_redesign" id="quantity_section_2922602"><button data-testid="button" class="oct-button oct-button--ellipses oct-button--cta oct-button--cta-default oct-button--cta-default-primaryTransparent oct-button--cta-default-responsive oct-aem-cta oct-add-to-basket__minus-quantity plus_quantity_disabled minus_quantity_redesign plus_quantity_disabled_redesign control-buttons oct-button--cta-midnight-blue-primary" to="" id="desreseQty_2922602" aria-label="Decrease Quantity Weleda skinfood cleanx2 fullsize giftset" aria-hidden="false" data-icon="–"><div class="oct-button__content"></div></button><div class="oct-input__iconContainer"><div></div><input type="text" class="oct-input oct-add-to-basket__quantity-input quantity_input quantity_input_redesign" aria-label="quantity" name="quantity_$2922602" id="quantity_2922602" readonly="" maxlength="2" tabindex="-1" value="1" style=""></div><button data-testid="button" class="oct-button oct-button--ellipses oct-button--cta oct-button--cta-default oct-button--cta-default-primaryTransparent oct-button--cta-default-responsive oct-aem-cta oct-add-to-basket__plus-quantity plus_quantity plus_quantity_redesign control-buttons oct-button--cta-midnight-blue-primary" to="" id="increseQty_2922602" aria-label="Increase Quantity Weleda skinfood cleanx2 fullsize giftset" aria-hidden="false" data-icon="+"><div class="oct-button__content"></div></button><div class="oct-add-to-basket__quantity-label quantity_label">in your basket</div></div><div class="oct-input__iconContainer"><div></div><input type="hidden" class="oct-input" name="freeGiftId_2922602" id="freeGiftId_2922602" value="" style=""></div><button data-testid="button" class="oct-button oct-button--ellipses oct-button--cta oct-button--cta-default oct-button--cta-default-primaryTransparent oct-button--cta-default-responsive oct-aem-cta oct-add-to-basket_button oct-button--cta-midnight-blue-primary" to="" id="add2CartBtn_2922602" eeindex="2" data-shop5="" aria-label="Add Weleda skinfood cleanx2 fullsize giftset to basket"><div class="oct-button__content"><span class="oct-add-to-basket_button_text button_text button_text_redesign">Add to basket</span></div></button><div class="oct-input__iconContainer"><div></div><input type="hidden" class="oct-input" id="lister_orderItemId_2922602" name="lister_orderItemId" value="" style=""></div><div class="oct-input__iconContainer"><div></div><input type="hidden" class="oct-input" id="lister_orderItemQty_2922602" name="lister_orderItemId" value="0" style=""></div><div class="oct-add-to-basket--overlay" data-testid="oct-add-to-basket"><div class="oct-add-to-basket__overlay-popup oct-overlay-popup" id="basket_confirmation_popup_overlay"></div><div id="basket_confirmation_overlay_2922602" class="oct-add-to-basket__overlay-popup__dialog" style="display: none;"><div class="oct-add-to-basket__overlay-focus" role="dialog" aria-labelledby="2922602-dialog-message"><p class="oct-text oct-text--standard oct-text--size_m oct-aem-text oct-aem-text--p--variant-1 oct-add-to-basket__text" data-testid="text" id="2922602-dialog-message">Are you sure you want to remove this product?</p><a class="oct-link oct-link--theme-text oct-color--boots-blue oct-add-to-basket__close-btn" tabindex="0" title="Close overlay" role="button" aria-label="Close overlay">x</a><div class="row"><button data-testid="button" class="oct-button oct-button--default oct-button--default-default oct-button--default-default-responsive oct-add-to-basket__button-secondary oct-add-to-basket__button button" role="button"><div class="oct-button__content">Yes</div></button><button data-testid="button" class="oct-button oct-button--default oct-button--default-default oct-button--default-default-responsive oct-add-to-basket__button-tertiary oct-add-to-basket__button button" role="button"><div class="oct-button__content">No</div></button></div></div></div></div></div></div></div><div id="entitledItem_2922602" style="display: none;">[ { "catentry_id" : 2922603, "Attributes" : { }, "ItemImage" :
          "/wcsstore/eBootsStorefrontAssetStore/images/NoImageIcon.jpg",
          "ItemImage467" :
          "/wcsstore/eBootsStorefrontAssetStore/images/NoImageIcon.jpg",
          "ItemThumbnailImage" :
          "/wcsstore/eBootsStorefrontAssetStore/images/NoImageIcon_sm.jpg" } ]</div></div></div></div></div></div><div data-testid="cell" class="oct-grid__cell oct-grid__cell--width-3 oct-grid__cell--small-6 oct-grid__cell--medium-small-4 oct-grid__cell--medium-4 oct-grid__cell--medium-large-4 oct-listers-hits__item hit oct-listers__item--with-inGrid" data-insights-position="41" data-insights-query-id="9e35482c34e960965eebfb9265ec00be" data-insights-object-id="3007113" data-productid="10348948.P"><div class="oct-teaser-wrapper oct-teaser-with-basket oct-teaser-with-basket--productTile oct-teaser-with-lister-basket oct-teaser--listers oct-teaser--listers-default"><div class="oct-teaser oct-teaser--theme-productTile oct-teaser--border" style="text-align: left;"><div class="oct-teaser__promotion-offer-roundel-wrapper"><div class="oct-teaser__promotion-offer-roundel-item oct-teaser__promotion-offer-roundel-item--offer" aria-label="Item on offer" role="img">Offer</div></div><div class="oct-add-to-favorites" tabindex="0" role="checkbox" aria-checked="false" aria-label="Add item to favourites"><span class="oct-add-to-favorites__icon"></span></div><div class="oct-teaser__contents oct-teaser__contents--only-foreground-image"><div class="oct-teaser__contents-panel oct-teaser__contents-panel"><div class="oct-teaser__contents-panel--main-content"><div><img src="data:image/svg+xml;base64,PHN2ZyB4bWxucz0iaHR0cDovL3d3dy53My5vcmcvMjAwMC9zdmciIHdpZHRoPSIzMjUiIGhlaWdodD0iMzI1Ij48cmVjdCB3aWR0aD0iMTAwJSIgaGVpZ2h0PSIxMDAlIiBzdHlsZT0iZmlsbDojZjJmMmYyIi8+PC9zdmc+" alt="test" class="oct-image oct-teaser__contents-panel__logo oct-teaser__contents-panel__logo--small oct-image--lazy" data-testid="lazy-image" decoding="async" loading="lazy"></div><a href="https://www.boots.com/fenty-skin-fruit-quench-rz-lip-oil-trio-10348948" class="oct-link oct-link--theme-text oct-color--boots-blue oct-teaser__title-link" aria-label="" title="Fenty Skin Fruit Quench'rz Hydrating + Strengthening Lip Oil Trio"><h3 class="oct-text oct-text--standard oct-text--size_m oct-aem-text oct-aem-text--h3--variant-1 oct-teaser__subtitle" data-testid="text">none</h3><div><h3 class="oct-text oct-text--standard oct-text--size_m oct-aem-text oct-aem-text--h3--variant-2 oct-teaser__title oct-teaser-with-listers" data-testid="text">Fenty Skin Fruit Quench'rz Hydrating + Strengthening Lip Oil Trio</h3></div></a><div class="oct-reviews__reviews-container" aria-label=""><div class="oct-reviews"><div class="oct-reviews__icons" data-testid="reviews__icons"><span><svg xmlns="http://www.w3.org/2000/svg" width="10" height="20" viewBox="0 0 10 20" class="oct-icon" aria-hidden="true" aria-label="" style="height: 14px; width: auto; fill: rgb(255, 204, 0);"><g clip-path="url(#3b8wbmf19a)" transform="translate(-202 -2221)"><g clip-path="url(#n79ah32ilb)" transform="translate(202 2221)"><g clip-path="url(#h1bi9j7dcc)" transform="translate(1.25 2.5)"><path stroke="#767676" stroke-miterlimit="5" d="m8.75 12.188-5.143 2.51.982-5.318L.43 5.614l5.75-.776L8.75 0l2.572 4.838 5.75.776L12.91 9.38l.982 5.318-5.143-2.51z"></path></g></g></g></svg><svg xmlns="http://www.w3.org/2000/svg" width="10" height="20" viewBox="0 0 10 20" class="oct-icon" aria-hidden="true" aria-label="" style="height: 14px; width: auto; fill: rgb(255, 204, 0);"><g clip-path="url(#7gjj25igta)" transform="translate(-232 -2221)"><g clip-path="url(#dvqif6313b)" transform="translate(232 2221)"><g clip-path="url(#6r7ozri4zc)" transform="translate(-8.75 2.5)"><path stroke="#767676" stroke-miterlimit="5" d="m8.75 12.188-5.143 2.51.982-5.318L.43 5.614l5.75-.776L8.75 0l2.572 4.838 5.75.776L12.91 9.38l.982 5.318-5.143-2.51z"></path></g></g></g></svg></span><span><svg xmlns="http://www.w3.org/2000/svg" width="10" height="20" viewBox="0 0 10 20" class="oct-icon" aria-hidden="true" aria-label="" style="height: 14px; width: auto; fill: rgb(255, 204, 0);"><g clip-path="url(#3b8wbmf19a)" transform="translate(-202 -2221)"><g clip-path="url(#n79ah32ilb)" transform="translate(202 2221)"><g clip-path="url(#h1bi9j7dcc)" transform="translate(1.25 2.5)"><path stroke="#767676" stroke-miterlimit="5" d="m8.75 12.188-5.143 2.51.982-5.318L.43 5.614l5.75-.776L8.75 0l2.572 4.838 5.75.776L12.91 9.38l.982 5.318-5.143-2.51z"></path></g></g></g></svg><svg xmlns="http://www.w3.org/2000/svg" width="10" height="20" viewBox="0 0 10 20" class="oct-icon" aria-hidden="true" aria-label="" style="height: 14px; width: auto; fill: rgb(255, 204, 0);"><g clip-path="url(#7gjj25igta)" transform="translate(-232 -2221)"><g clip-path="url(#dvqif6313b)" transform="translate(232 2221)"><g clip-path="url(#6r7ozri4zc)" transform="translate(-8.75 2.5)"><path stroke="#767676" stroke-miterlimit="5" d="m8.75 12.188-5.143 2.51.982-5.318L.43 5.614l5.75-.776L8.75 0l2.572 4.838 5.75.776L12.91 9.38l.982 5.318-5.143-2.51z"></path></g></g></g></svg></span><span><svg xmlns="http://www.w3.org/2000/svg" width="10" height="20" viewBox="0 0 10 20" class="oct-icon" aria-hidden="true" aria-label="" style="height: 14px; width: auto; fill: rgb(255, 204, 0);"><g clip-path="url(#3b8wbmf19a)" transform="translate(-202 -2221)"><g clip-path="url(#n79ah32ilb)" transform="translate(202 2221)"><g clip-path="url(#h1bi9j7dcc)" transform="translate(1.25 2.5)"><path stroke="#767676" stroke-miterlimit="5" d="m8.75 12.188-5.143 2.51.982-5.318L.43 5.614l5.75-.776L8.75 0l2.572 4.838 5.75.776L12.91 9.38l.982 5.318-5.143-2.51z"></path></g></g></g></svg><svg xmlns="http://www.w3.org/2000/svg" width="10" height="20" viewBox="0 0 10 20" class="oct-icon" aria-hidden="true" aria-label="" style="height: 14px; width: auto; fill: rgb(255, 204, 0);"><g clip-path="url(#7gjj25igta)" transform="translate(-232 -2221)"><g clip-path="url(#dvqif6313b)" transform="translate(232 2221)"><g clip-path="url(#6r7ozri4zc)" transform="translate(-8.75 2.5)"><path stroke="#767676" stroke-miterlimit="5" d="m8.75 12.188-5.143 2.51.982-5.318L.43 5.614l5.75-.776L8.75 0l2.572 4.838 5.75.776L12.91 9.38l.982 5.318-5.143-2.51z"></path></g></g></g></svg></span><span><svg xmlns="http://www.w3.org/2000/svg" width="10" height="20" viewBox="0 0 10 20" class="oct-icon" aria-hidden="true" aria-label="" style="height: 14px; width: auto; fill: rgb(255, 204, 0);"><g clip-path="url(#3b8wbmf19a)" transform="translate(-202 -2221)"><g clip-path="url(#n79ah32ilb)" transform="translate(202 2221)"><g clip-path="url(#h1bi9j7dcc)" transform="translate(1.25 2.5)"><path stroke="#767676" stroke-miterlimit="5" d="m8.75 12.188-5.143 2.51.982-5.318L.43 5.614l5.75-.776L8.75 0l2.572 4.838 5.75.776L12.91 9.38l.982 5.318-5.143-2.51z"></path></g></g></g></svg><svg xmlns="http://www.w3.org/2000/svg" width="10" height="20" viewBox="0 0 10 20" class="oct-icon" aria-hidden="true" aria-label="" style="height: 14px; width: auto; fill: rgb(255, 204, 0);"><g clip-path="url(#7gjj25igta)" transform="translate(-232 -2221)"><g clip-path="url(#dvqif6313b)" transform="translate(232 2221)"><g clip-path="url(#6r7ozri4zc)" transform="translate(-8.75 2.5)"><path stroke="#767676" stroke-miterlimit="5" d="m8.75 12.188-5.143 2.51.982-5.318L.43 5.614l5.75-.776L8.75 0l2.572 4.838 5.75.776L12.91 9.38l.982 5.318-5.143-2.51z"></path></g></g></g></svg></span><span><svg xmlns="http://www.w3.org/2000/svg" width="10" height="20" viewBox="0 0 10 20" class="oct-icon" aria-hidden="true" aria-label="" style="height: 14px; width: auto; fill: rgb(255, 204, 0);"><g clip-path="url(#3b8wbmf19a)" transform="translate(-202 -2221)"><g clip-path="url(#n79ah32ilb)" transform="translate(202 2221)"><g clip-path="url(#h1bi9j7dcc)" transform="translate(1.25 2.5)"><path stroke="#767676" stroke-miterlimit="5" d="m8.75 12.188-5.143 2.51.982-5.318L.43 5.614l5.75-.776L8.75 0l2.572 4.838 5.75.776L12.91 9.38l.982 5.318-5.143-2.51z"></path></g></g></g></svg><svg xmlns="http://www.w3.org/2000/svg" width="10" height="20" viewBox="0 0 10 20" class="oct-icon" aria-hidden="true" aria-label="" style="height: 14px; width: auto; fill: rgb(255, 204, 0);"><g clip-path="url(#7gjj25igta)" transform="translate(-232 -2221)"><g clip-path="url(#dvqif6313b)" transform="translate(232 2221)"><g clip-path="url(#6r7ozri4zc)" transform="translate(-8.75 2.5)"><path stroke="#767676" stroke-miterlimit="5" d="m8.75 12.188-5.143 2.51.982-5.318L.43 5.614l5.75-.776L8.75 0l2.572 4.838 5.75.776L12.91 9.38l.982 5.318-5.143-2.51z"></path></g></g></g></svg></span></div><div class="oct-reviews__optionalText"><a href="https://www.boots.com/fenty-skin-fruit-quench-rz-lip-oil-trio-10348948#BVRRContainer" class="oct-link oct-link--theme-text oct-color--boots-blue oct-reviews__count" aria-label="5 stars out of 5. 2 reviews"><span class="oct-reviews__optionalTextCount">(2)</span></a></div></div></div><div class="oct-teaser__offer__container" aria-label=""><div class="oct-teaser__wrap"><button data-testid="button" class="oct-button oct-button--ellipses oct-button--cta oct-button--cta-default oct-button--cta-default-responsive oct-teaser__offer oct-teaser__offer--isAvailable oct-button--cta-custom" aria-label="Sale - Save up to 1/2 price"><div class="oct-button__content">Sale - Save up to 1/2 price</div></button></div></div><div class="oct-teaser__price-wrapper oct-teaser__price-wrapper--saving oct-teaser__price-wrapper--current"><div class="oct-teaser__price-col1-wrapper"><p class="oct-text oct-text--standard oct-text--size_m oct-aem-text oct-aem-text--p--variant-subtext oct-teaser__productPrice" data-testid="text">£31.33</p><div class="oct-teaser__product-price-wrapper"><p class="oct-text oct-text--standard oct-text--size_m oct-aem-text oct-aem-text--p--variant-subtext oct-teaser__productPriceSave" data-testid="text">Save £15.67</p></div><p class="oct-text oct-text--standard oct-text--size_m oct-aem-text oct-aem-text--p--variant-subtext oct-teaser__productPriceWas" data-testid="text">Worth £47.00</p></div></div><div class="oct-teaser__price-detail-wrapper"><p class="oct-text oct-text--standard oct-text--size_m oct-aem-text oct-aem-text--p--variant-subtext oct-teaser__productPriceDetail" data-testid="text"></p></div></div><div class="oct-teaser__calls-to-action oct-teaser__calls-to-action--two oct-teaser__calls-to-action--left"></div></div></div><div class="oct-teaser__foreground"><a href="https://www.boots.com/fenty-skin-fruit-quench-rz-lip-oil-trio-10348948" class="oct-link oct-link--theme-text oct-color--boots-blue oct-teaser-wrapper-link" tabindex="-1" aria-hidden="true" data-promo-creative="25% teaser" data-promo-position=""><div class="oct-image-link-wrapper"><img src="https://boots.scene7.com/is/image/Boots/10348948?op_sharpen=1" alt="Foreground image" class="oct-image oct-image--lazy" data-testid="lazy-image" decoding="async" loading="lazy"></div></a></div><div class="oct-teaser__calls-to-action oct-add-to-basket-callToAction oct-add-to-basket-callToAction--with-lister-basket"><div class="oct-add-to-basket"><div class="oct-input__iconContainer"><div></div><input type="hidden" class="oct-input" id="cmProductName_3007112" autocomplete="off" value="Fenty Skin Fruit Quench'rz Hydrating + Strengthening Lip Oil Trio (10348948.P)" style=""></div><div class="oct-input__iconContainer"><div></div><input type="hidden" class="oct-input" id="catalogEntry_ID" name="catalogEntry_ID" autocomplete="off" value="3007112" style=""></div><div class="oct-input__iconContainer"><div></div><input type="hidden" class="oct-input" id="dlProductId_3007112" name="dlProductId_3007112" autocomplete="off" value="10348948.P" style=""></div><div class="oct-input__iconContainer"><div></div><input type="hidden" class="oct-input" id="dlProductName_3007112" name="dlProductName_3007112" autocomplete="off" value="Fenty Skin Fruit Quench'rz Hydrating + Strengthening Lip Oil Trio" style=""></div><div class="oct-input__iconContainer"><div></div><input type="hidden" class="oct-input" id="dlParentCatentryID_10348948.P" name="dlParentCatentryID_10348948.P" autocomplete="off" value="3007112" style=""></div><div class="oct-input__iconContainer"><div></div><input type="hidden" class="oct-input" id="dlPackagePartNumber_3007112" name="dlPackagePartNumber_3007112" autocomplete="off" value="" style=""></div><div class="oct-add-to-basket__product_info-container"><div class="oct-add-to-basket__product_add noQuickBuy"><div class="oct-add-to-basket__quickBuySLPContainer quickBuySLPContainer"></div><div class="oct-add-to-basket__shopperActions shopperActions oct-add-to-basket__plp_shopperActions_redesign plp_shopperActions_redesign" id="shopperActionsRedesign3007112"><p class="oct-text oct-text--standard oct-text--size_m oct-aem-text oct-aem-text--p--variant-1 oct-add-to-basket__qty-errorMax qty_errorMax" data-testid="text" id="quantity_msg_3007112">Maximum quantity reached</p><div class="oct-add-to-basket__quantity-section quantity_section quantity_section_redesign" id="quantity_section_3007112"><button data-testid="button" class="oct-button oct-button--ellipses oct-button--cta oct-button--cta-default oct-button--cta-default-primaryTransparent oct-button--cta-default-responsive oct-aem-cta oct-add-to-basket__minus-quantity plus_quantity_disabled minus_quantity_redesign plus_quantity_disabled_redesign control-buttons oct-button--cta-midnight-blue-primary" to="" id="desreseQty_3007112" aria-label="Decrease Quantity Fenty Skin Fruit Quench'rz Hydrating + Strengthening Lip Oil Trio" aria-hidden="false" data-icon="–"><div class="oct-button__content"></div></button><div class="oct-input__iconContainer"><div></div><input type="text" class="oct-input oct-add-to-basket__quantity-input quantity_input quantity_input_redesign" aria-label="quantity" name="quantity_$3007112" id="quantity_3007112" readonly="" maxlength="2" tabindex="-1" value="1" style=""></div><button data-testid="button" class="oct-button oct-button--ellipses oct-button--cta oct-button--cta-default oct-button--cta-default-primaryTransparent oct-button--cta-default-responsive oct-aem-cta oct-add-to-basket__plus-quantity plus_quantity plus_quantity_redesign control-buttons oct-button--cta-midnight-blue-primary" to="" id="increseQty_3007112" aria-label="Increase Quantity Fenty Skin Fruit Quench'rz Hydrating + Strengthening Lip Oil Trio" aria-hidden="false" data-icon="+"><div class="oct-button__content"></div></button><div class="oct-add-to-basket__quantity-label quantity_label">in your basket</div></div><div class="oct-input__iconContainer"><div></div><input type="hidden" class="oct-input" name="freeGiftId_3007112" id="freeGiftId_3007112" value="" style=""></div><button data-testid="button" class="oct-button oct-button--ellipses oct-button--cta oct-button--cta-default oct-button--cta-default-primaryTransparent oct-button--cta-default-responsive oct-aem-cta oct-add-to-basket_button oct-button--cta-midnight-blue-primary" to="" id="add2CartBtn_3007112" eeindex="2" data-shop5="" aria-label="Add Fenty Skin Fruit Quench'rz Hydrating + Strengthening Lip Oil Trio to basket"><div class="oct-button__content"><span class="oct-add-to-basket_button_text button_text button_text_redesign">Add to basket</span></div></button><div class="oct-input__iconContainer"><div></div><input type="hidden" class="oct-input" id="lister_orderItemId_3007112" name="lister_orderItemId" value="" style=""></div><div class="oct-input__iconContainer"><div></div><input type="hidden" class="oct-input" id="lister_orderItemQty_3007112" name="lister_orderItemId" value="0" style=""></div><div class="oct-add-to-basket--overlay" data-testid="oct-add-to-basket"><div class="oct-add-to-basket__overlay-popup oct-overlay-popup" id="basket_confirmation_popup_overlay"></div><div id="basket_confirmation_overlay_3007112" class="oct-add-to-basket__overlay-popup__dialog" style="display: none;"><div class="oct-add-to-basket__overlay-focus" role="dialog" aria-labelledby="3007112-dialog-message"><p class="oct-text oct-text--standard oct-text--size_m oct-aem-text oct-aem-text--p--variant-1 oct-add-to-basket__text" data-testid="text" id="3007112-dialog-message">Are you sure you want to remove this product?</p><a class="oct-link oct-link--theme-text oct-color--boots-blue oct-add-to-basket__close-btn" tabindex="0" title="Close overlay" role="button" aria-label="Close overlay">x</a><div class="row"><button data-testid="button" class="oct-button oct-button--default oct-button--default-default oct-button--default-default-responsive oct-add-to-basket__button-secondary oct-add-to-basket__button button" role="button"><div class="oct-button__content">Yes</div></button><button data-testid="button" class="oct-button oct-button--default oct-button--default-default oct-button--default-default-responsive oct-add-to-basket__button-tertiary oct-add-to-basket__button button" role="button"><div class="oct-button__content">No</div></button></div></div></div></div></div></div></div><div id="entitledItem_3007112" style="display: none;">[ { "catentry_id" : 3007113, "Attributes" : { }, "ItemImage" :
          "/wcsstore/eBootsStorefrontAssetStore/images/NoImageIcon.jpg",
          "ItemImage467" :
          "/wcsstore/eBootsStorefrontAssetStore/images/NoImageIcon.jpg",
          "ItemThumbnailImage" :
          "/wcsstore/eBootsStorefrontAssetStore/images/NoImageIcon_sm.jpg" } ]</div></div></div></div></div></div><div data-testid="cell" class="oct-grid__cell oct-grid__cell--width-3 oct-grid__cell--small-6 oct-grid__cell--medium-small-4 oct-grid__cell--medium-4 oct-grid__cell--medium-large-4 oct-listers-hits__item hit oct-listers__item--with-inGrid" data-insights-position="42" data-insights-query-id="9e35482c34e960965eebfb9265ec00be" data-insights-object-id="3031653" data-productid="10352034.P"><div class="oct-teaser-wrapper oct-teaser-with-basket oct-teaser-with-basket--productTile oct-teaser-with-lister-basket oct-teaser--listers oct-teaser--listers-default"><div class="oct-teaser oct-teaser--theme-productTile oct-teaser--border" style="text-align: left;"><div class="oct-teaser__promotion-offer-roundel-wrapper"></div><div class="oct-add-to-favorites" tabindex="0" role="checkbox" aria-checked="false" aria-label="Add item to favourites"><span class="oct-add-to-favorites__icon"></span></div><div class="oct-teaser__contents oct-teaser__contents--only-foreground-image"><div class="oct-teaser__contents-panel oct-teaser__contents-panel"><div class="oct-teaser__contents-panel--main-content"><div><img src="data:image/svg+xml;base64,PHN2ZyB4bWxucz0iaHR0cDovL3d3dy53My5vcmcvMjAwMC9zdmciIHdpZHRoPSIzMjUiIGhlaWdodD0iMzI1Ij48cmVjdCB3aWR0aD0iMTAwJSIgaGVpZ2h0PSIxMDAlIiBzdHlsZT0iZmlsbDojZjJmMmYyIi8+PC9zdmc+" alt="test" class="oct-image oct-teaser__contents-panel__logo oct-teaser__contents-panel__logo--small oct-image--lazy" data-testid="lazy-image" decoding="async" loading="lazy"></div><a href="https://www.boots.com/mixsoon-bean-essence-50ml-10352034" class="oct-link oct-link--theme-text oct-color--boots-blue oct-teaser__title-link" aria-label="" title="Mixsoon Bean Essence 50ml"><h3 class="oct-text oct-text--standard oct-text--size_m oct-aem-text oct-aem-text--h3--variant-1 oct-teaser__subtitle" data-testid="text">none</h3><div><h3 class="oct-text oct-text--standard oct-text--size_m oct-aem-text oct-aem-text--h3--variant-2 oct-teaser__title oct-teaser-with-listers" data-testid="text">Mixsoon Bean Essence 50ml</h3></div></a><div class="oct-reviews__reviews-container" aria-label=""><div class="oct-reviews"><div class="oct-reviews__icons" data-testid="reviews__icons"><span><svg xmlns="http://www.w3.org/2000/svg" width="10" height="20" viewBox="0 0 10 20" class="oct-icon" aria-hidden="true" aria-label="" style="height: 14px; width: auto; fill: rgb(255, 204, 0);"><g clip-path="url(#3b8wbmf19a)" transform="translate(-202 -2221)"><g clip-path="url(#n79ah32ilb)" transform="translate(202 2221)"><g clip-path="url(#h1bi9j7dcc)" transform="translate(1.25 2.5)"><path stroke="#767676" stroke-miterlimit="5" d="m8.75 12.188-5.143 2.51.982-5.318L.43 5.614l5.75-.776L8.75 0l2.572 4.838 5.75.776L12.91 9.38l.982 5.318-5.143-2.51z"></path></g></g></g></svg><svg xmlns="http://www.w3.org/2000/svg" width="10" height="20" viewBox="0 0 10 20" class="oct-icon" aria-hidden="true" aria-label="" style="height: 14px; width: auto; fill: rgb(255, 204, 0);"><g clip-path="url(#7gjj25igta)" transform="translate(-232 -2221)"><g clip-path="url(#dvqif6313b)" transform="translate(232 2221)"><g clip-path="url(#6r7ozri4zc)" transform="translate(-8.75 2.5)"><path stroke="#767676" stroke-miterlimit="5" d="m8.75 12.188-5.143 2.51.982-5.318L.43 5.614l5.75-.776L8.75 0l2.572 4.838 5.75.776L12.91 9.38l.982 5.318-5.143-2.51z"></path></g></g></g></svg></span><span><svg xmlns="http://www.w3.org/2000/svg" width="10" height="20" viewBox="0 0 10 20" class="oct-icon" aria-hidden="true" aria-label="" style="height: 14px; width: auto; fill: rgb(255, 204, 0);"><g clip-path="url(#3b8wbmf19a)" transform="translate(-202 -2221)"><g clip-path="url(#n79ah32ilb)" transform="translate(202 2221)"><g clip-path="url(#h1bi9j7dcc)" transform="translate(1.25 2.5)"><path stroke="#767676" stroke-miterlimit="5" d="m8.75 12.188-5.143 2.51.982-5.318L.43 5.614l5.75-.776L8.75 0l2.572 4.838 5.75.776L12.91 9.38l.982 5.318-5.143-2.51z"></path></g></g></g></svg><svg xmlns="http://www.w3.org/2000/svg" width="10" height="20" viewBox="0 0 10 20" class="oct-icon" aria-hidden="true" aria-label="" style="height: 14px; width: auto; fill: rgb(255, 204, 0);"><g clip-path="url(#7gjj25igta)" transform="translate(-232 -2221)"><g clip-path="url(#dvqif6313b)" transform="translate(232 2221)"><g clip-path="url(#6r7ozri4zc)" transform="translate(-8.75 2.5)"><path stroke="#767676" stroke-miterlimit="5" d="m8.75 12.188-5.143 2.51.982-5.318L.43 5.614l5.75-.776L8.75 0l2.572 4.838 5.75.776L12.91 9.38l.982 5.318-5.143-2.51z"></path></g></g></g></svg></span><span><svg xmlns="http://www.w3.org/2000/svg" width="10" height="20" viewBox="0 0 10 20" class="oct-icon" aria-hidden="true" aria-label="" style="height: 14px; width: auto; fill: rgb(255, 204, 0);"><g clip-path="url(#3b8wbmf19a)" transform="translate(-202 -2221)"><g clip-path="url(#n79ah32ilb)" transform="translate(202 2221)"><g clip-path="url(#h1bi9j7dcc)" transform="translate(1.25 2.5)"><path stroke="#767676" stroke-miterlimit="5" d="m8.75 12.188-5.143 2.51.982-5.318L.43 5.614l5.75-.776L8.75 0l2.572 4.838 5.75.776L12.91 9.38l.982 5.318-5.143-2.51z"></path></g></g></g></svg><svg xmlns="http://www.w3.org/2000/svg" width="10" height="20" viewBox="0 0 10 20" class="oct-icon" aria-hidden="true" aria-label="" style="height: 14px; width: auto; fill: rgb(255, 204, 0);"><g clip-path="url(#7gjj25igta)" transform="translate(-232 -2221)"><g clip-path="url(#dvqif6313b)" transform="translate(232 2221)"><g clip-path="url(#6r7ozri4zc)" transform="translate(-8.75 2.5)"><path stroke="#767676" stroke-miterlimit="5" d="m8.75 12.188-5.143 2.51.982-5.318L.43 5.614l5.75-.776L8.75 0l2.572 4.838 5.75.776L12.91 9.38l.982 5.318-5.143-2.51z"></path></g></g></g></svg></span><span><svg xmlns="http://www.w3.org/2000/svg" width="10" height="20" viewBox="0 0 10 20" class="oct-icon" aria-hidden="true" aria-label="" style="height: 14px; width: auto; fill: rgb(255, 204, 0);"><g clip-path="url(#3b8wbmf19a)" transform="translate(-202 -2221)"><g clip-path="url(#n79ah32ilb)" transform="translate(202 2221)"><g clip-path="url(#h1bi9j7dcc)" transform="translate(1.25 2.5)"><path stroke="#767676" stroke-miterlimit="5" d="m8.75 12.188-5.143 2.51.982-5.318L.43 5.614l5.75-.776L8.75 0l2.572 4.838 5.75.776L12.91 9.38l.982 5.318-5.143-2.51z"></path></g></g></g></svg><svg xmlns="http://www.w3.org/2000/svg" width="10" height="20" viewBox="0 0 10 20" class="oct-icon" aria-hidden="true" aria-label="" style="height: 14px; width: auto; fill: rgb(255, 204, 0);"><g clip-path="url(#7gjj25igta)" transform="translate(-232 -2221)"><g clip-path="url(#dvqif6313b)" transform="translate(232 2221)"><g clip-path="url(#6r7ozri4zc)" transform="translate(-8.75 2.5)"><path stroke="#767676" stroke-miterlimit="5" d="m8.75 12.188-5.143 2.51.982-5.318L.43 5.614l5.75-.776L8.75 0l2.572 4.838 5.75.776L12.91 9.38l.982 5.318-5.143-2.51z"></path></g></g></g></svg></span><span><svg xmlns="http://www.w3.org/2000/svg" width="10" height="20" viewBox="0 0 10 20" class="oct-icon" aria-hidden="true" aria-label="" style="height: 14px; width: auto; fill: rgb(255, 204, 0);"><g clip-path="url(#3b8wbmf19a)" transform="translate(-202 -2221)"><g clip-path="url(#n79ah32ilb)" transform="translate(202 2221)"><g clip-path="url(#h1bi9j7dcc)" transform="translate(1.25 2.5)"><path stroke="#767676" stroke-miterlimit="5" d="m8.75 12.188-5.143 2.51.982-5.318L.43 5.614l5.75-.776L8.75 0l2.572 4.838 5.75.776L12.91 9.38l.982 5.318-5.143-2.51z"></path></g></g></g></svg><svg xmlns="http://www.w3.org/2000/svg" width="10" height="20" viewBox="0 0 10 20" class="oct-icon" aria-hidden="true" aria-label="" style="height: 14px; width: auto; fill: rgb(255, 204, 0);"><g clip-path="url(#7gjj25igta)" transform="translate(-232 -2221)"><g clip-path="url(#dvqif6313b)" transform="translate(232 2221)"><g clip-path="url(#6r7ozri4zc)" transform="translate(-8.75 2.5)"><path stroke="#767676" stroke-miterlimit="5" d="m8.75 12.188-5.143 2.51.982-5.318L.43 5.614l5.75-.776L8.75 0l2.572 4.838 5.75.776L12.91 9.38l.982 5.318-5.143-2.51z"></path></g></g></g></svg></span></div><div class="oct-reviews__optionalText"><a href="https://www.boots.com/mixsoon-bean-essence-50ml-10352034#BVRRContainer" class="oct-link oct-link--theme-text oct-color--boots-blue oct-reviews__count" aria-label="5 stars out of 5. 3 reviews"><span class="oct-reviews__optionalTextCount">(3)</span></a></div></div></div><div class="oct-teaser__offer__container" aria-label=""><div class="oct-teaser__wrap"></div></div><div class="oct-teaser__price-wrapper oct-teaser__price-wrapper--current"><div class="oct-teaser__price-col1-wrapper"><p class="oct-text oct-text--standard oct-text--size_m oct-aem-text oct-aem-text--p--variant-subtext oct-teaser__productPrice" data-testid="text">£28.00</p><div class="oct-teaser__product-price-wrapper"></div></div></div><div class="oct-teaser__price-detail-wrapper"><p class="oct-text oct-text--standard oct-text--size_m oct-aem-text oct-aem-text--p--variant-subtext oct-teaser__productPriceDetail" data-testid="text">50ML | £56.00 per 100ML</p></div></div><div class="oct-teaser__calls-to-action oct-teaser__calls-to-action--two oct-teaser__calls-to-action--left"></div></div></div><div class="oct-teaser__foreground"><a href="https://www.boots.com/mixsoon-bean-essence-50ml-10352034" class="oct-link oct-link--theme-text oct-color--boots-blue oct-teaser-wrapper-link" tabindex="-1" aria-hidden="true" data-promo-creative="25% teaser" data-promo-position=""><div class="oct-image-link-wrapper"><img src="https://boots.scene7.com/is/image/Boots/10352034?op_sharpen=1" alt="Foreground image" class="oct-image oct-image--lazy" data-testid="lazy-image" decoding="async" loading="lazy"></div></a></div><div class="oct-teaser__calls-to-action oct-add-to-basket-callToAction oct-add-to-basket-callToAction--with-lister-basket"><div class="oct-add-to-basket"><div class="oct-input__iconContainer"><div></div><input type="hidden" class="oct-input" id="cmProductName_3031652" autocomplete="off" value="Mixsoon Bean Essence 50ml (10352034.P)" style=""></div><div class="oct-input__iconContainer"><div></div><input type="hidden" class="oct-input" id="catalogEntry_ID" name="catalogEntry_ID" autocomplete="off" value="3031652" style=""></div><div class="oct-input__iconContainer"><div></div><input type="hidden" class="oct-input" id="dlProductId_3031652" name="dlProductId_3031652" autocomplete="off" value="10352034.P" style=""></div><div class="oct-input__iconContainer"><div></div><input type="hidden" class="oct-input" id="dlProductName_3031652" name="dlProductName_3031652" autocomplete="off" value="Mixsoon Bean Essence 50ml" style=""></div><div class="oct-input__iconContainer"><div></div><input type="hidden" class="oct-input" id="dlParentCatentryID_10352034.P" name="dlParentCatentryID_10352034.P" autocomplete="off" value="3031652" style=""></div><div class="oct-input__iconContainer"><div></div><input type="hidden" class="oct-input" id="dlPackagePartNumber_3031652" name="dlPackagePartNumber_3031652" autocomplete="off" value="" style=""></div><div class="oct-add-to-basket__product_info-container"><div class="oct-add-to-basket__product_add noQuickBuy"><div class="oct-add-to-basket__quickBuySLPContainer quickBuySLPContainer"></div><div class="oct-add-to-basket__shopperActions shopperActions oct-add-to-basket__plp_shopperActions_redesign plp_shopperActions_redesign" id="shopperActionsRedesign3031652"><p class="oct-text oct-text--standard oct-text--size_m oct-aem-text oct-aem-text--p--variant-1 oct-add-to-basket__qty-errorMax qty_errorMax" data-testid="text" id="quantity_msg_3031652">Maximum quantity reached</p><div class="oct-add-to-basket__quantity-section quantity_section quantity_section_redesign" id="quantity_section_3031652"><button data-testid="button" class="oct-button oct-button--ellipses oct-button--cta oct-button--cta-default oct-button--cta-default-primaryTransparent oct-button--cta-default-responsive oct-aem-cta oct-add-to-basket__minus-quantity plus_quantity_disabled minus_quantity_redesign plus_quantity_disabled_redesign control-buttons oct-button--cta-midnight-blue-primary" to="" id="desreseQty_3031652" aria-label="Decrease Quantity Mixsoon Bean Essence 50ml" aria-hidden="false" data-icon="–"><div class="oct-button__content"></div></button><div class="oct-input__iconContainer"><div></div><input type="text" class="oct-input oct-add-to-basket__quantity-input quantity_input quantity_input_redesign" aria-label="quantity" name="quantity_$3031652" id="quantity_3031652" readonly="" maxlength="2" tabindex="-1" value="1" style=""></div><button data-testid="button" class="oct-button oct-button--ellipses oct-button--cta oct-button--cta-default oct-button--cta-default-primaryTransparent oct-button--cta-default-responsive oct-aem-cta oct-add-to-basket__plus-quantity plus_quantity plus_quantity_redesign control-buttons oct-button--cta-midnight-blue-primary" to="" id="increseQty_3031652" aria-label="Increase Quantity Mixsoon Bean Essence 50ml" aria-hidden="false" data-icon="+"><div class="oct-button__content"></div></button><div class="oct-add-to-basket__quantity-label quantity_label">in your basket</div></div><div class="oct-input__iconContainer"><div></div><input type="hidden" class="oct-input" name="freeGiftId_3031652" id="freeGiftId_3031652" value="" style=""></div><button data-testid="button" class="oct-button oct-button--ellipses oct-button--cta oct-button--cta-default oct-button--cta-default-primaryTransparent oct-button--cta-default-responsive oct-aem-cta oct-add-to-basket_button oct-button--cta-midnight-blue-primary" to="" id="add2CartBtn_3031652" eeindex="2" data-shop5="" aria-label="Add Mixsoon Bean Essence 50ml to basket"><div class="oct-button__content"><span class="oct-add-to-basket_button_text button_text button_text_redesign">Add to basket</span></div></button><div class="oct-input__iconContainer"><div></div><input type="hidden" class="oct-input" id="lister_orderItemId_3031652" name="lister_orderItemId" value="" style=""></div><div class="oct-input__iconContainer"><div></div><input type="hidden" class="oct-input" id="lister_orderItemQty_3031652" name="lister_orderItemId" value="0" style=""></div><div class="oct-add-to-basket--overlay" data-testid="oct-add-to-basket"><div class="oct-add-to-basket__overlay-popup oct-overlay-popup" id="basket_confirmation_popup_overlay"></div><div id="basket_confirmation_overlay_3031652" class="oct-add-to-basket__overlay-popup__dialog" style="display: none;"><div class="oct-add-to-basket__overlay-focus" role="dialog" aria-labelledby="3031652-dialog-message"><p class="oct-text oct-text--standard oct-text--size_m oct-aem-text oct-aem-text--p--variant-1 oct-add-to-basket__text" data-testid="text" id="3031652-dialog-message">Are you sure you want to remove this product?</p><a class="oct-link oct-link--theme-text oct-color--boots-blue oct-add-to-basket__close-btn" tabindex="0" title="Close overlay" role="button" aria-label="Close overlay">x</a><div class="row"><button data-testid="button" class="oct-button oct-button--default oct-button--default-default oct-button--default-default-responsive oct-add-to-basket__button-secondary oct-add-to-basket__button button" role="button"><div class="oct-button__content">Yes</div></button><button data-testid="button" class="oct-button oct-button--default oct-button--default-default oct-button--default-default-responsive oct-add-to-basket__button-tertiary oct-add-to-basket__button button" role="button"><div class="oct-button__content">No</div></button></div></div></div></div></div></div></div><div id="entitledItem_3031652" style="display: none;">[ { "catentry_id" : 3031653, "Attributes" : { }, "ItemImage" :
          "/wcsstore/eBootsStorefrontAssetStore/images/NoImageIcon.jpg",
          "ItemImage467" :
          "/wcsstore/eBootsStorefrontAssetStore/images/NoImageIcon.jpg",
          "ItemThumbnailImage" :
          "/wcsstore/eBootsStorefrontAssetStore/images/NoImageIcon_sm.jpg" } ]</div></div></div></div></div></div><div data-testid="cell" class="oct-grid__cell oct-grid__cell--width-3 oct-grid__cell--small-6 oct-grid__cell--medium-small-4 oct-grid__cell--medium-4 oct-grid__cell--medium-large-4 oct-listers-hits__item hit oct-listers__item--with-inGrid" data-insights-position="43" data-insights-query-id="9e35482c34e960965eebfb9265ec00be" data-insights-object-id="2937675" data-productid="10340655.P"><div class="oct-teaser-wrapper oct-teaser-with-basket oct-teaser-with-basket--productTile oct-teaser-with-lister-basket oct-teaser--listers oct-teaser--listers-default"><div class="oct-teaser oct-teaser--theme-productTile oct-teaser--border" style="text-align: left;"><div class="oct-teaser__promotion-offer-roundel-wrapper"><div class="oct-teaser__promotion-offer-roundel-item oct-teaser__promotion-offer-roundel-item--offer" aria-label="Item on offer" role="img">Offer</div></div><div class="oct-add-to-favorites" tabindex="0" role="checkbox" aria-checked="false" aria-label="Add item to favourites"><span class="oct-add-to-favorites__icon"></span></div><div class="oct-teaser__contents oct-teaser__contents--only-foreground-image"><div class="oct-teaser__contents-panel oct-teaser__contents-panel"><div class="oct-teaser__contents-panel--main-content"><div><img src="data:image/svg+xml;base64,PHN2ZyB4bWxucz0iaHR0cDovL3d3dy53My5vcmcvMjAwMC9zdmciIHdpZHRoPSIzMjUiIGhlaWdodD0iMzI1Ij48cmVjdCB3aWR0aD0iMTAwJSIgaGVpZ2h0PSIxMDAlIiBzdHlsZT0iZmlsbDojZjJmMmYyIi8+PC9zdmc+" alt="test" class="oct-image oct-teaser__contents-panel__logo oct-teaser__contents-panel__logo--small oct-image--lazy" data-testid="lazy-image" decoding="async" loading="lazy"></div><a href="https://www.boots.com/avene-cleanance-micellar-water-400ml-10340655" class="oct-link oct-link--theme-text oct-color--boots-blue oct-teaser__title-link" aria-label="" title="Avène Cleanance Micellar Water for Blemish-Prone Skin 400ml"><h3 class="oct-text oct-text--standard oct-text--size_m oct-aem-text oct-aem-text--h3--variant-1 oct-teaser__subtitle" data-testid="text">none</h3><div><h3 class="oct-text oct-text--standard oct-text--size_m oct-aem-text oct-aem-text--h3--variant-2 oct-teaser__title oct-teaser-with-listers" data-testid="text">Avène Cleanance Micellar Water for Blemish-Prone Skin 400ml</h3></div></a><div class="oct-reviews__reviews-container" aria-label=""><div class="oct-reviews"><div class="oct-reviews__icons" data-testid="reviews__icons"><span><svg xmlns="http://www.w3.org/2000/svg" width="10" height="20" viewBox="0 0 10 20" class="oct-icon" aria-hidden="true" aria-label="" style="height: 14px; width: auto; fill: rgb(255, 204, 0);"><g clip-path="url(#3b8wbmf19a)" transform="translate(-202 -2221)"><g clip-path="url(#n79ah32ilb)" transform="translate(202 2221)"><g clip-path="url(#h1bi9j7dcc)" transform="translate(1.25 2.5)"><path stroke="#767676" stroke-miterlimit="5" d="m8.75 12.188-5.143 2.51.982-5.318L.43 5.614l5.75-.776L8.75 0l2.572 4.838 5.75.776L12.91 9.38l.982 5.318-5.143-2.51z"></path></g></g></g></svg><svg xmlns="http://www.w3.org/2000/svg" width="10" height="20" viewBox="0 0 10 20" class="oct-icon" aria-hidden="true" aria-label="" style="height: 14px; width: auto; fill: rgb(255, 204, 0);"><g clip-path="url(#7gjj25igta)" transform="translate(-232 -2221)"><g clip-path="url(#dvqif6313b)" transform="translate(232 2221)"><g clip-path="url(#6r7ozri4zc)" transform="translate(-8.75 2.5)"><path stroke="#767676" stroke-miterlimit="5" d="m8.75 12.188-5.143 2.51.982-5.318L.43 5.614l5.75-.776L8.75 0l2.572 4.838 5.75.776L12.91 9.38l.982 5.318-5.143-2.51z"></path></g></g></g></svg></span><span><svg xmlns="http://www.w3.org/2000/svg" width="10" height="20" viewBox="0 0 10 20" class="oct-icon" aria-hidden="true" aria-label="" style="height: 14px; width: auto; fill: rgb(255, 204, 0);"><g clip-path="url(#3b8wbmf19a)" transform="translate(-202 -2221)"><g clip-path="url(#n79ah32ilb)" transform="translate(202 2221)"><g clip-path="url(#h1bi9j7dcc)" transform="translate(1.25 2.5)"><path stroke="#767676" stroke-miterlimit="5" d="m8.75 12.188-5.143 2.51.982-5.318L.43 5.614l5.75-.776L8.75 0l2.572 4.838 5.75.776L12.91 9.38l.982 5.318-5.143-2.51z"></path></g></g></g></svg><svg xmlns="http://www.w3.org/2000/svg" width="10" height="20" viewBox="0 0 10 20" class="oct-icon" aria-hidden="true" aria-label="" style="height: 14px; width: auto; fill: rgb(255, 204, 0);"><g clip-path="url(#7gjj25igta)" transform="translate(-232 -2221)"><g clip-path="url(#dvqif6313b)" transform="translate(232 2221)"><g clip-path="url(#6r7ozri4zc)" transform="translate(-8.75 2.5)"><path stroke="#767676" stroke-miterlimit="5" d="m8.75 12.188-5.143 2.51.982-5.318L.43 5.614l5.75-.776L8.75 0l2.572 4.838 5.75.776L12.91 9.38l.982 5.318-5.143-2.51z"></path></g></g></g></svg></span><span><svg xmlns="http://www.w3.org/2000/svg" width="10" height="20" viewBox="0 0 10 20" class="oct-icon" aria-hidden="true" aria-label="" style="height: 14px; width: auto; fill: rgb(255, 204, 0);"><g clip-path="url(#3b8wbmf19a)" transform="translate(-202 -2221)"><g clip-path="url(#n79ah32ilb)" transform="translate(202 2221)"><g clip-path="url(#h1bi9j7dcc)" transform="translate(1.25 2.5)"><path stroke="#767676" stroke-miterlimit="5" d="m8.75 12.188-5.143 2.51.982-5.318L.43 5.614l5.75-.776L8.75 0l2.572 4.838 5.75.776L12.91 9.38l.982 5.318-5.143-2.51z"></path></g></g></g></svg><svg xmlns="http://www.w3.org/2000/svg" width="10" height="20" viewBox="0 0 10 20" class="oct-icon" aria-hidden="true" aria-label="" style="height: 14px; width: auto; fill: rgb(255, 204, 0);"><g clip-path="url(#7gjj25igta)" transform="translate(-232 -2221)"><g clip-path="url(#dvqif6313b)" transform="translate(232 2221)"><g clip-path="url(#6r7ozri4zc)" transform="translate(-8.75 2.5)"><path stroke="#767676" stroke-miterlimit="5" d="m8.75 12.188-5.143 2.51.982-5.318L.43 5.614l5.75-.776L8.75 0l2.572 4.838 5.75.776L12.91 9.38l.982 5.318-5.143-2.51z"></path></g></g></g></svg></span><span><svg xmlns="http://www.w3.org/2000/svg" width="10" height="20" viewBox="0 0 10 20" class="oct-icon" aria-hidden="true" aria-label="" style="height: 14px; width: auto; fill: rgb(255, 204, 0);"><g clip-path="url(#3b8wbmf19a)" transform="translate(-202 -2221)"><g clip-path="url(#n79ah32ilb)" transform="translate(202 2221)"><g clip-path="url(#h1bi9j7dcc)" transform="translate(1.25 2.5)"><path stroke="#767676" stroke-miterlimit="5" d="m8.75 12.188-5.143 2.51.982-5.318L.43 5.614l5.75-.776L8.75 0l2.572 4.838 5.75.776L12.91 9.38l.982 5.318-5.143-2.51z"></path></g></g></g></svg><svg xmlns="http://www.w3.org/2000/svg" width="10" height="20" viewBox="0 0 10 20" class="oct-icon" aria-hidden="true" aria-label="" style="height: 14px; width: auto; fill: rgb(255, 204, 0);"><g clip-path="url(#7gjj25igta)" transform="translate(-232 -2221)"><g clip-path="url(#dvqif6313b)" transform="translate(232 2221)"><g clip-path="url(#6r7ozri4zc)" transform="translate(-8.75 2.5)"><path stroke="#767676" stroke-miterlimit="5" d="m8.75 12.188-5.143 2.51.982-5.318L.43 5.614l5.75-.776L8.75 0l2.572 4.838 5.75.776L12.91 9.38l.982 5.318-5.143-2.51z"></path></g></g></g></svg></span><span><svg xmlns="http://www.w3.org/2000/svg" width="10" height="20" viewBox="0 0 10 20" class="oct-icon" aria-hidden="true" aria-label="" style="height: 14px; width: auto; fill: rgb(255, 204, 0);"><g clip-path="url(#3b8wbmf19a)" transform="translate(-202 -2221)"><g clip-path="url(#n79ah32ilb)" transform="translate(202 2221)"><g clip-path="url(#h1bi9j7dcc)" transform="translate(1.25 2.5)"><path stroke="#767676" stroke-miterlimit="5" d="m8.75 12.188-5.143 2.51.982-5.318L.43 5.614l5.75-.776L8.75 0l2.572 4.838 5.75.776L12.91 9.38l.982 5.318-5.143-2.51z"></path></g></g></g></svg><svg xmlns="http://www.w3.org/2000/svg" width="10" height="20" viewBox="0 0 10 20" class="oct-icon" aria-hidden="true" aria-label="" style="height: 14px; width: auto; fill: rgb(255, 204, 0);"><g clip-path="url(#7gjj25igta)" transform="translate(-232 -2221)"><g clip-path="url(#dvqif6313b)" transform="translate(232 2221)"><g clip-path="url(#6r7ozri4zc)" transform="translate(-8.75 2.5)"><path stroke="#767676" stroke-miterlimit="5" d="m8.75 12.188-5.143 2.51.982-5.318L.43 5.614l5.75-.776L8.75 0l2.572 4.838 5.75.776L12.91 9.38l.982 5.318-5.143-2.51z"></path></g></g></g></svg></span></div><div class="oct-reviews__optionalText"><a href="https://www.boots.com/avene-cleanance-micellar-water-400ml-10340655#BVRRContainer" class="oct-link oct-link--theme-text oct-color--boots-blue oct-reviews__count" aria-label="5 stars out of 5. 4 reviews"><span class="oct-reviews__optionalTextCount">(4)</span></a></div></div></div><div class="oct-teaser__offer__container" aria-label=""><div class="oct-teaser__wrap"><button data-testid="button" class="oct-button oct-button--ellipses oct-button--cta oct-button--cta-default oct-button--cta-default-responsive oct-teaser__offer oct-teaser__offer--isAvailable oct-button--cta-custom" aria-label="Save 20 percent on selected Avene"><div class="oct-button__content">Save 20 percent on selected Avene</div></button></div></div><div class="oct-teaser__price-wrapper oct-teaser__price-wrapper--saving oct-teaser__price-wrapper--current"><div class="oct-teaser__price-col1-wrapper"><p class="oct-text oct-text--standard oct-text--size_m oct-aem-text oct-aem-text--p--variant-subtext oct-teaser__productPrice" data-testid="text">£16.20</p><div class="oct-teaser__product-price-wrapper"><p class="oct-text oct-text--standard oct-text--size_m oct-aem-text oct-aem-text--p--variant-subtext oct-teaser__productPriceSave" data-testid="text">Save £4.05</p></div><p class="oct-text oct-text--standard oct-text--size_m oct-aem-text oct-aem-text--p--variant-subtext oct-teaser__productPriceWas" data-testid="text">Was £20.25</p></div></div><div class="oct-teaser__price-detail-wrapper"><p class="oct-text oct-text--standard oct-text--size_m oct-aem-text oct-aem-text--p--variant-subtext oct-teaser__productPriceDetail" data-testid="text">400ML | £4.05 per 100ML</p></div></div><div class="oct-teaser__calls-to-action oct-teaser__calls-to-action--two oct-teaser__calls-to-action--left"></div></div></div><div class="oct-teaser__foreground"><a href="https://www.boots.com/avene-cleanance-micellar-water-400ml-10340655" class="oct-link oct-link--theme-text oct-color--boots-blue oct-teaser-wrapper-link" tabindex="-1" aria-hidden="true" data-promo-creative="25% teaser" data-promo-position=""><div class="oct-image-link-wrapper"><img src="https://boots.scene7.com/is/image/Boots/10340655?op_sharpen=1" alt="Foreground image" class="oct-image oct-image--lazy" data-testid="lazy-image" decoding="async" loading="lazy"></div></a></div><div class="oct-teaser__calls-to-action oct-add-to-basket-callToAction oct-add-to-basket-callToAction--with-lister-basket"><div class="oct-add-to-basket"><div class="oct-input__iconContainer"><div></div><input type="hidden" class="oct-input" id="cmProductName_2937674" autocomplete="off" value="Avène Cleanance Micellar Water for Blemish-Prone Skin 400ml (10340655.P)" style=""></div><div class="oct-input__iconContainer"><div></div><input type="hidden" class="oct-input" id="catalogEntry_ID" name="catalogEntry_ID" autocomplete="off" value="2937674" style=""></div><div class="oct-input__iconContainer"><div></div><input type="hidden" class="oct-input" id="dlProductId_2937674" name="dlProductId_2937674" autocomplete="off" value="10340655.P" style=""></div><div class="oct-input__iconContainer"><div></div><input type="hidden" class="oct-input" id="dlProductName_2937674" name="dlProductName_2937674" autocomplete="off" value="Avène Cleanance Micellar Water for Blemish-Prone Skin 400ml" style=""></div><div class="oct-input__iconContainer"><div></div><input type="hidden" class="oct-input" id="dlParentCatentryID_10340655.P" name="dlParentCatentryID_10340655.P" autocomplete="off" value="2937674" style=""></div><div class="oct-input__iconContainer"><div></div><input type="hidden" class="oct-input" id="dlPackagePartNumber_2937674" name="dlPackagePartNumber_2937674" autocomplete="off" value="" style=""></div><div class="oct-add-to-basket__product_info-container"><div class="oct-add-to-basket__product_add noQuickBuy"><div class="oct-add-to-basket__quickBuySLPContainer quickBuySLPContainer"></div><div class="oct-add-to-basket__shopperActions shopperActions oct-add-to-basket__plp_shopperActions_redesign plp_shopperActions_redesign" id="shopperActionsRedesign2937674"><p class="oct-text oct-text--standard oct-text--size_m oct-aem-text oct-aem-text--p--variant-1 oct-add-to-basket__qty-errorMax qty_errorMax" data-testid="text" id="quantity_msg_2937674">Maximum quantity reached</p><div class="oct-add-to-basket__quantity-section quantity_section quantity_section_redesign" id="quantity_section_2937674"><button data-testid="button" class="oct-button oct-button--ellipses oct-button--cta oct-button--cta-default oct-button--cta-default-primaryTransparent oct-button--cta-default-responsive oct-aem-cta oct-add-to-basket__minus-quantity plus_quantity_disabled minus_quantity_redesign plus_quantity_disabled_redesign control-buttons oct-button--cta-midnight-blue-primary" to="" id="desreseQty_2937674" aria-label="Decrease Quantity Avène Cleanance Micellar Water for Blemish-Prone Skin 400ml" aria-hidden="false" data-icon="–"><div class="oct-button__content"></div></button><div class="oct-input__iconContainer"><div></div><input type="text" class="oct-input oct-add-to-basket__quantity-input quantity_input quantity_input_redesign" aria-label="quantity" name="quantity_$2937674" id="quantity_2937674" readonly="" maxlength="2" tabindex="-1" value="1" style=""></div><button data-testid="button" class="oct-button oct-button--ellipses oct-button--cta oct-button--cta-default oct-button--cta-default-primaryTransparent oct-button--cta-default-responsive oct-aem-cta oct-add-to-basket__plus-quantity plus_quantity plus_quantity_redesign control-buttons oct-button--cta-midnight-blue-primary" to="" id="increseQty_2937674" aria-label="Increase Quantity Avène Cleanance Micellar Water for Blemish-Prone Skin 400ml" aria-hidden="false" data-icon="+"><div class="oct-button__content"></div></button><div class="oct-add-to-basket__quantity-label quantity_label">in your basket</div></div><div class="oct-input__iconContainer"><div></div><input type="hidden" class="oct-input" name="freeGiftId_2937674" id="freeGiftId_2937674" value="" style=""></div><button data-testid="button" class="oct-button oct-button--ellipses oct-button--cta oct-button--cta-default oct-button--cta-default-primaryTransparent oct-button--cta-default-responsive oct-aem-cta oct-add-to-basket_button oct-button--cta-midnight-blue-primary" to="" id="add2CartBtn_2937674" eeindex="2" data-shop5="" aria-label="Add Avène Cleanance Micellar Water for Blemish-Prone Skin 400ml to basket"><div class="oct-button__content"><span class="oct-add-to-basket_button_text button_text button_text_redesign">Add to basket</span></div></button><div class="oct-input__iconContainer"><div></div><input type="hidden" class="oct-input" id="lister_orderItemId_2937674" name="lister_orderItemId" value="" style=""></div><div class="oct-input__iconContainer"><div></div><input type="hidden" class="oct-input" id="lister_orderItemQty_2937674" name="lister_orderItemId" value="0" style=""></div><div class="oct-add-to-basket--overlay" data-testid="oct-add-to-basket"><div class="oct-add-to-basket__overlay-popup oct-overlay-popup" id="basket_confirmation_popup_overlay"></div><div id="basket_confirmation_overlay_2937674" class="oct-add-to-basket__overlay-popup__dialog" style="display: none;"><div class="oct-add-to-basket__overlay-focus" role="dialog" aria-labelledby="2937674-dialog-message"><p class="oct-text oct-text--standard oct-text--size_m oct-aem-text oct-aem-text--p--variant-1 oct-add-to-basket__text" data-testid="text" id="2937674-dialog-message">Are you sure you want to remove this product?</p><a class="oct-link oct-link--theme-text oct-color--boots-blue oct-add-to-basket__close-btn" tabindex="0" title="Close overlay" role="button" aria-label="Close overlay">x</a><div class="row"><button data-testid="button" class="oct-button oct-button--default oct-button--default-default oct-button--default-default-responsive oct-add-to-basket__button-secondary oct-add-to-basket__button button" role="button"><div class="oct-button__content">Yes</div></button><button data-testid="button" class="oct-button oct-button--default oct-button--default-default oct-button--default-default-responsive oct-add-to-basket__button-tertiary oct-add-to-basket__button button" role="button"><div class="oct-button__content">No</div></button></div></div></div></div></div></div></div><div id="entitledItem_2937674" style="display: none;">[ { "catentry_id" : 2937675, "Attributes" : { }, "ItemImage" :
          "/wcsstore/eBootsStorefrontAssetStore/images/NoImageIcon.jpg",
          "ItemImage467" :
          "/wcsstore/eBootsStorefrontAssetStore/images/NoImageIcon.jpg",
          "ItemThumbnailImage" :
          "/wcsstore/eBootsStorefrontAssetStore/images/NoImageIcon_sm.jpg" } ]</div></div></div></div></div></div><div data-testid="cell" class="oct-grid__cell oct-grid__cell--width-3 oct-grid__cell--small-6 oct-grid__cell--medium-small-4 oct-grid__cell--medium-4 oct-grid__cell--medium-large-4 oct-listers-hits__item hit oct-listers__item--with-inGrid" data-insights-position="44" data-insights-query-id="9e35482c34e960965eebfb9265ec00be" data-insights-object-id="3003127" data-productid="10348271.P"><div class="oct-teaser-wrapper oct-teaser-with-basket oct-teaser-with-basket--productTile oct-teaser-with-lister-basket oct-teaser--listers oct-teaser--listers-default"><div class="oct-teaser oct-teaser--theme-productTile oct-teaser--border" style="text-align: left;"><div class="oct-teaser__promotion-offer-roundel-wrapper"><div class="oct-teaser__promotion-offer-roundel-item oct-teaser__promotion-offer-roundel-item--offer" aria-label="Item on offer" role="img">Offer</div></div><div class="oct-add-to-favorites" tabindex="0" role="checkbox" aria-checked="false" aria-label="Add item to favourites"><span class="oct-add-to-favorites__icon"></span></div><div class="oct-teaser__contents oct-teaser__contents--only-foreground-image"><div class="oct-teaser__contents-panel oct-teaser__contents-panel"><div class="oct-teaser__contents-panel--main-content"><div><img src="data:image/svg+xml;base64,PHN2ZyB4bWxucz0iaHR0cDovL3d3dy53My5vcmcvMjAwMC9zdmciIHdpZHRoPSIzMjUiIGhlaWdodD0iMzI1Ij48cmVjdCB3aWR0aD0iMTAwJSIgaGVpZ2h0PSIxMDAlIiBzdHlsZT0iZmlsbDojZjJmMmYyIi8+PC9zdmc+" alt="test" class="oct-image oct-teaser__contents-panel__logo oct-teaser__contents-panel__logo--small oct-image--lazy" data-testid="lazy-image" decoding="async" loading="lazy"></div><a href="https://www.boots.com/laneige-cica-sleeping-mask-60ml-10348271" class="oct-link oct-link--theme-text oct-color--boots-blue oct-teaser__title-link" aria-label="" title="LANEIGE Cica Sleeping Mask 60ml"><h3 class="oct-text oct-text--standard oct-text--size_m oct-aem-text oct-aem-text--h3--variant-1 oct-teaser__subtitle" data-testid="text">none</h3><div><h3 class="oct-text oct-text--standard oct-text--size_m oct-aem-text oct-aem-text--h3--variant-2 oct-teaser__title oct-teaser-with-listers" data-testid="text">LANEIGE Cica Sleeping Mask 60ml</h3></div></a><div class="oct-reviews__reviews-container" aria-label=""><div class="oct-reviews"><div class="oct-reviews__icons" data-testid="reviews__icons"><span><svg xmlns="http://www.w3.org/2000/svg" width="10" height="20" viewBox="0 0 10 20" class="oct-icon" aria-hidden="true" aria-label="" style="height: 14px; width: auto; fill: rgb(255, 204, 0);"><g clip-path="url(#3b8wbmf19a)" transform="translate(-202 -2221)"><g clip-path="url(#n79ah32ilb)" transform="translate(202 2221)"><g clip-path="url(#h1bi9j7dcc)" transform="translate(1.25 2.5)"><path stroke="#767676" stroke-miterlimit="5" d="m8.75 12.188-5.143 2.51.982-5.318L.43 5.614l5.75-.776L8.75 0l2.572 4.838 5.75.776L12.91 9.38l.982 5.318-5.143-2.51z"></path></g></g></g></svg><svg xmlns="http://www.w3.org/2000/svg" width="10" height="20" viewBox="0 0 10 20" class="oct-icon" aria-hidden="true" aria-label="" style="height: 14px; width: auto; fill: rgb(255, 204, 0);"><g clip-path="url(#7gjj25igta)" transform="translate(-232 -2221)"><g clip-path="url(#dvqif6313b)" transform="translate(232 2221)"><g clip-path="url(#6r7ozri4zc)" transform="translate(-8.75 2.5)"><path stroke="#767676" stroke-miterlimit="5" d="m8.75 12.188-5.143 2.51.982-5.318L.43 5.614l5.75-.776L8.75 0l2.572 4.838 5.75.776L12.91 9.38l.982 5.318-5.143-2.51z"></path></g></g></g></svg></span><span><svg xmlns="http://www.w3.org/2000/svg" width="10" height="20" viewBox="0 0 10 20" class="oct-icon" aria-hidden="true" aria-label="" style="height: 14px; width: auto; fill: rgb(255, 204, 0);"><g clip-path="url(#3b8wbmf19a)" transform="translate(-202 -2221)"><g clip-path="url(#n79ah32ilb)" transform="translate(202 2221)"><g clip-path="url(#h1bi9j7dcc)" transform="translate(1.25 2.5)"><path stroke="#767676" stroke-miterlimit="5" d="m8.75 12.188-5.143 2.51.982-5.318L.43 5.614l5.75-.776L8.75 0l2.572 4.838 5.75.776L12.91 9.38l.982 5.318-5.143-2.51z"></path></g></g></g></svg><svg xmlns="http://www.w3.org/2000/svg" width="10" height="20" viewBox="0 0 10 20" class="oct-icon" aria-hidden="true" aria-label="" style="height: 14px; width: auto; fill: rgb(255, 204, 0);"><g clip-path="url(#7gjj25igta)" transform="translate(-232 -2221)"><g clip-path="url(#dvqif6313b)" transform="translate(232 2221)"><g clip-path="url(#6r7ozri4zc)" transform="translate(-8.75 2.5)"><path stroke="#767676" stroke-miterlimit="5" d="m8.75 12.188-5.143 2.51.982-5.318L.43 5.614l5.75-.776L8.75 0l2.572 4.838 5.75.776L12.91 9.38l.982 5.318-5.143-2.51z"></path></g></g></g></svg></span><span><svg xmlns="http://www.w3.org/2000/svg" width="10" height="20" viewBox="0 0 10 20" class="oct-icon" aria-hidden="true" aria-label="" style="height: 14px; width: auto; fill: rgb(255, 204, 0);"><g clip-path="url(#3b8wbmf19a)" transform="translate(-202 -2221)"><g clip-path="url(#n79ah32ilb)" transform="translate(202 2221)"><g clip-path="url(#h1bi9j7dcc)" transform="translate(1.25 2.5)"><path stroke="#767676" stroke-miterlimit="5" d="m8.75 12.188-5.143 2.51.982-5.318L.43 5.614l5.75-.776L8.75 0l2.572 4.838 5.75.776L12.91 9.38l.982 5.318-5.143-2.51z"></path></g></g></g></svg><svg xmlns="http://www.w3.org/2000/svg" width="10" height="20" viewBox="0 0 10 20" class="oct-icon" aria-hidden="true" aria-label="" style="height: 14px; width: auto; fill: rgb(255, 204, 0);"><g clip-path="url(#7gjj25igta)" transform="translate(-232 -2221)"><g clip-path="url(#dvqif6313b)" transform="translate(232 2221)"><g clip-path="url(#6r7ozri4zc)" transform="translate(-8.75 2.5)"><path stroke="#767676" stroke-miterlimit="5" d="m8.75 12.188-5.143 2.51.982-5.318L.43 5.614l5.75-.776L8.75 0l2.572 4.838 5.75.776L12.91 9.38l.982 5.318-5.143-2.51z"></path></g></g></g></svg></span><span><svg xmlns="http://www.w3.org/2000/svg" width="10" height="20" viewBox="0 0 10 20" class="oct-icon" aria-hidden="true" aria-label="" style="height: 14px; width: auto; fill: rgb(255, 204, 0);"><g clip-path="url(#3b8wbmf19a)" transform="translate(-202 -2221)"><g clip-path="url(#n79ah32ilb)" transform="translate(202 2221)"><g clip-path="url(#h1bi9j7dcc)" transform="translate(1.25 2.5)"><path stroke="#767676" stroke-miterlimit="5" d="m8.75 12.188-5.143 2.51.982-5.318L.43 5.614l5.75-.776L8.75 0l2.572 4.838 5.75.776L12.91 9.38l.982 5.318-5.143-2.51z"></path></g></g></g></svg><svg xmlns="http://www.w3.org/2000/svg" width="10" height="20" viewBox="0 0 10 20" class="oct-icon" aria-hidden="true" aria-label="" style="height: 14px; width: auto; fill: rgb(255, 204, 0);"><g clip-path="url(#7gjj25igta)" transform="translate(-232 -2221)"><g clip-path="url(#dvqif6313b)" transform="translate(232 2221)"><g clip-path="url(#6r7ozri4zc)" transform="translate(-8.75 2.5)"><path stroke="#767676" stroke-miterlimit="5" d="m8.75 12.188-5.143 2.51.982-5.318L.43 5.614l5.75-.776L8.75 0l2.572 4.838 5.75.776L12.91 9.38l.982 5.318-5.143-2.51z"></path></g></g></g></svg></span><span><svg xmlns="http://www.w3.org/2000/svg" width="10" height="20" viewBox="0 0 10 20" class="oct-icon" aria-hidden="true" aria-label="" style="height: 14px; width: auto; fill: rgb(255, 204, 0);"><g clip-path="url(#3b8wbmf19a)" transform="translate(-202 -2221)"><g clip-path="url(#n79ah32ilb)" transform="translate(202 2221)"><g clip-path="url(#h1bi9j7dcc)" transform="translate(1.25 2.5)"><path stroke="#767676" stroke-miterlimit="5" d="m8.75 12.188-5.143 2.51.982-5.318L.43 5.614l5.75-.776L8.75 0l2.572 4.838 5.75.776L12.91 9.38l.982 5.318-5.143-2.51z"></path></g></g></g></svg><svg xmlns="http://www.w3.org/2000/svg" width="10" height="20" viewBox="0 0 10 20" class="oct-icon" aria-hidden="true" aria-label="" style="height: 14px; width: auto; fill: rgb(255, 204, 0);"><g clip-path="url(#7gjj25igta)" transform="translate(-232 -2221)"><g clip-path="url(#dvqif6313b)" transform="translate(232 2221)"><g clip-path="url(#6r7ozri4zc)" transform="translate(-8.75 2.5)"><path stroke="#767676" stroke-miterlimit="5" d="m8.75 12.188-5.143 2.51.982-5.318L.43 5.614l5.75-.776L8.75 0l2.572 4.838 5.75.776L12.91 9.38l.982 5.318-5.143-2.51z"></path></g></g></g></svg></span></div><div class="oct-reviews__optionalText"><a href="https://www.boots.com/laneige-cica-sleeping-mask-60ml-10348271#BVRRContainer" class="oct-link oct-link--theme-text oct-color--boots-blue oct-reviews__count" aria-label="5 stars out of 5. 1 reviews"><span class="oct-reviews__optionalTextCount">(1)</span></a></div></div></div><div class="oct-teaser__offer__container" aria-label=""><div class="oct-teaser__wrap"><button data-testid="button" class="oct-button oct-button--ellipses oct-button--cta oct-button--cta-default oct-button--cta-default-responsive oct-teaser__offer oct-teaser__offer--isAvailable oct-button--cta-custom" aria-label="Save up to 25 percent on selected Premium Beauty"><div class="oct-button__content">Save up to 25 percent on selected Premium Beauty</div></button></div></div><div class="oct-teaser__price-wrapper oct-teaser__price-wrapper--saving oct-teaser__price-wrapper--current"><div class="oct-teaser__price-col1-wrapper"><p class="oct-text oct-text--standard oct-text--size_m oct-aem-text oct-aem-text--p--variant-subtext oct-teaser__productPrice" data-testid="text">£22.50</p><div class="oct-teaser__product-price-wrapper"><p class="oct-text oct-text--standard oct-text--size_m oct-aem-text oct-aem-text--p--variant-subtext oct-teaser__productPriceSave" data-testid="text">Save £7.50</p></div><p class="oct-text oct-text--standard oct-text--size_m oct-aem-text oct-aem-text--p--variant-subtext oct-teaser__productPriceWas" data-testid="text">Was £30.00</p></div></div><div class="oct-teaser__price-detail-wrapper"><p class="oct-text oct-text--standard oct-text--size_m oct-aem-text oct-aem-text--p--variant-subtext oct-teaser__productPriceDetail" data-testid="text">60ML | £37.50 per 100ML</p></div></div><div class="oct-teaser__calls-to-action oct-teaser__calls-to-action--two oct-teaser__calls-to-action--left"></div></div></div><div class="oct-teaser__foreground"><a href="https://www.boots.com/laneige-cica-sleeping-mask-60ml-10348271" class="oct-link oct-link--theme-text oct-color--boots-blue oct-teaser-wrapper-link" tabindex="-1" aria-hidden="true" data-promo-creative="25% teaser" data-promo-position=""><div class="oct-image-link-wrapper"><img src="https://boots.scene7.com/is/image/Boots/10348271?op_sharpen=1" alt="Foreground image" class="oct-image oct-image--lazy" data-testid="lazy-image" decoding="async" loading="lazy"></div></a></div><div class="oct-teaser__calls-to-action oct-add-to-basket-callToAction oct-add-to-basket-callToAction--with-lister-basket"><div class="oct-add-to-basket"><div class="oct-input__iconContainer"><div></div><input type="hidden" class="oct-input" id="cmProductName_3003126" autocomplete="off" value="LANEIGE Cica Sleeping Mask 60ml (10348271.P)" style=""></div><div class="oct-input__iconContainer"><div></div><input type="hidden" class="oct-input" id="catalogEntry_ID" name="catalogEntry_ID" autocomplete="off" value="3003126" style=""></div><div class="oct-input__iconContainer"><div></div><input type="hidden" class="oct-input" id="dlProductId_3003126" name="dlProductId_3003126" autocomplete="off" value="10348271.P" style=""></div><div class="oct-input__iconContainer"><div></div><input type="hidden" class="oct-input" id="dlProductName_3003126" name="dlProductName_3003126" autocomplete="off" value="LANEIGE Cica Sleeping Mask 60ml" style=""></div><div class="oct-input__iconContainer"><div></div><input type="hidden" class="oct-input" id="dlParentCatentryID_10348271.P" name="dlParentCatentryID_10348271.P" autocomplete="off" value="3003126" style=""></div><div class="oct-input__iconContainer"><div></div><input type="hidden" class="oct-input" id="dlPackagePartNumber_3003126" name="dlPackagePartNumber_3003126" autocomplete="off" value="" style=""></div><div class="oct-add-to-basket__product_info-container"><div class="oct-add-to-basket__product_add noQuickBuy"><div class="oct-add-to-basket__quickBuySLPContainer quickBuySLPContainer"></div><div class="oct-add-to-basket__shopperActions shopperActions oct-add-to-basket__plp_shopperActions_redesign plp_shopperActions_redesign" id="shopperActionsRedesign3003126"><p class="oct-text oct-text--standard oct-text--size_m oct-aem-text oct-aem-text--p--variant-1 oct-add-to-basket__qty-errorMax qty_errorMax" data-testid="text" id="quantity_msg_3003126">Maximum quantity reached</p><div class="oct-add-to-basket__quantity-section quantity_section quantity_section_redesign" id="quantity_section_3003126"><button data-testid="button" class="oct-button oct-button--ellipses oct-button--cta oct-button--cta-default oct-button--cta-default-primaryTransparent oct-button--cta-default-responsive oct-aem-cta oct-add-to-basket__minus-quantity plus_quantity_disabled minus_quantity_redesign plus_quantity_disabled_redesign control-buttons oct-button--cta-midnight-blue-primary" to="" id="desreseQty_3003126" aria-label="Decrease Quantity LANEIGE Cica Sleeping Mask 60ml" aria-hidden="false" data-icon="–"><div class="oct-button__content"></div></button><div class="oct-input__iconContainer"><div></div><input type="text" class="oct-input oct-add-to-basket__quantity-input quantity_input quantity_input_redesign" aria-label="quantity" name="quantity_$3003126" id="quantity_3003126" readonly="" maxlength="2" tabindex="-1" value="1" style=""></div><button data-testid="button" class="oct-button oct-button--ellipses oct-button--cta oct-button--cta-default oct-button--cta-default-primaryTransparent oct-button--cta-default-responsive oct-aem-cta oct-add-to-basket__plus-quantity plus_quantity plus_quantity_redesign control-buttons oct-button--cta-midnight-blue-primary" to="" id="increseQty_3003126" aria-label="Increase Quantity LANEIGE Cica Sleeping Mask 60ml" aria-hidden="false" data-icon="+"><div class="oct-button__content"></div></button><div class="oct-add-to-basket__quantity-label quantity_label">in your basket</div></div><div class="oct-input__iconContainer"><div></div><input type="hidden" class="oct-input" name="freeGiftId_3003126" id="freeGiftId_3003126" value="" style=""></div><button data-testid="button" class="oct-button oct-button--ellipses oct-button--cta oct-button--cta-default oct-button--cta-default-primaryTransparent oct-button--cta-default-responsive oct-aem-cta oct-add-to-basket_button oct-button--cta-midnight-blue-primary" to="" id="add2CartBtn_3003126" eeindex="2" data-shop5="" aria-label="Add LANEIGE Cica Sleeping Mask 60ml to basket"><div class="oct-button__content"><span class="oct-add-to-basket_button_text button_text button_text_redesign">Add to basket</span></div></button><div class="oct-input__iconContainer"><div></div><input type="hidden" class="oct-input" id="lister_orderItemId_3003126" name="lister_orderItemId" value="" style=""></div><div class="oct-input__iconContainer"><div></div><input type="hidden" class="oct-input" id="lister_orderItemQty_3003126" name="lister_orderItemId" value="0" style=""></div><div class="oct-add-to-basket--overlay" data-testid="oct-add-to-basket"><div class="oct-add-to-basket__overlay-popup oct-overlay-popup" id="basket_confirmation_popup_overlay"></div><div id="basket_confirmation_overlay_3003126" class="oct-add-to-basket__overlay-popup__dialog" style="display: none;"><div class="oct-add-to-basket__overlay-focus" role="dialog" aria-labelledby="3003126-dialog-message"><p class="oct-text oct-text--standard oct-text--size_m oct-aem-text oct-aem-text--p--variant-1 oct-add-to-basket__text" data-testid="text" id="3003126-dialog-message">Are you sure you want to remove this product?</p><a class="oct-link oct-link--theme-text oct-color--boots-blue oct-add-to-basket__close-btn" tabindex="0" title="Close overlay" role="button" aria-label="Close overlay">x</a><div class="row"><button data-testid="button" class="oct-button oct-button--default oct-button--default-default oct-button--default-default-responsive oct-add-to-basket__button-secondary oct-add-to-basket__button button" role="button"><div class="oct-button__content">Yes</div></button><button data-testid="button" class="oct-button oct-button--default oct-button--default-default oct-button--default-default-responsive oct-add-to-basket__button-tertiary oct-add-to-basket__button button" role="button"><div class="oct-button__content">No</div></button></div></div></div></div></div></div></div><div id="entitledItem_3003126" style="display: none;">[ { "catentry_id" : 3003127, "Attributes" : { }, "ItemImage" :
          "/wcsstore/eBootsStorefrontAssetStore/images/NoImageIcon.jpg",
          "ItemImage467" :
          "/wcsstore/eBootsStorefrontAssetStore/images/NoImageIcon.jpg",
          "ItemThumbnailImage" :
          "/wcsstore/eBootsStorefrontAssetStore/images/NoImageIcon_sm.jpg" } ]</div></div></div></div></div></div><div data-testid="cell" class="oct-grid__cell oct-grid__cell--width-3 oct-grid__cell--small-6 oct-grid__cell--medium-small-4 oct-grid__cell--medium-4 oct-grid__cell--medium-large-4 oct-listers-hits__item hit oct-listers__item--with-inGrid" data-insights-position="45" data-insights-query-id="9e35482c34e960965eebfb9265ec00be" data-insights-object-id="2952179" data-productid="10342124.P"><div class="oct-teaser-wrapper oct-teaser-with-basket oct-teaser-with-basket--productTile oct-teaser-with-lister-basket oct-teaser--listers oct-teaser--listers-default"><div class="oct-teaser oct-teaser--theme-productTile oct-teaser--border" style="text-align: left;"><div class="oct-teaser__promotion-offer-roundel-wrapper"><div class="oct-teaser__promotion-offer-roundel-item oct-teaser__promotion-offer-roundel-item--offer" aria-label="Item on offer" role="img">Offer</div></div><div class="oct-add-to-favorites" tabindex="0" role="checkbox" aria-checked="false" aria-label="Add item to favourites"><span class="oct-add-to-favorites__icon"></span></div><div class="oct-teaser__contents oct-teaser__contents--only-foreground-image"><div class="oct-teaser__contents-panel oct-teaser__contents-panel"><div class="oct-teaser__contents-panel--main-content"><div><img src="data:image/svg+xml;base64,PHN2ZyB4bWxucz0iaHR0cDovL3d3dy53My5vcmcvMjAwMC9zdmciIHdpZHRoPSIzMjUiIGhlaWdodD0iMzI1Ij48cmVjdCB3aWR0aD0iMTAwJSIgaGVpZ2h0PSIxMDAlIiBzdHlsZT0iZmlsbDojZjJmMmYyIi8+PC9zdmc+" alt="test" class="oct-image oct-teaser__contents-panel__logo oct-teaser__contents-panel__logo--small oct-image--lazy" data-testid="lazy-image" decoding="async" loading="lazy"></div><a href="https://www.boots.com/ted-baker-peony-and-camellia-body-wash-200ml-10342124" class="oct-link oct-link--theme-text oct-color--boots-blue oct-teaser__title-link" aria-label="" title="Ted Baker Peony &amp; Camellia Body Wash 200ml"><h3 class="oct-text oct-text--standard oct-text--size_m oct-aem-text oct-aem-text--h3--variant-1 oct-teaser__subtitle" data-testid="text">none</h3><div><h3 class="oct-text oct-text--standard oct-text--size_m oct-aem-text oct-aem-text--h3--variant-2 oct-teaser__title oct-teaser-with-listers" data-testid="text">Ted Baker Peony &amp; Camellia Body Wash 200ml</h3></div></a><div class="oct-reviews__reviews-container" aria-label=""><div class="oct-reviews"><div class="oct-reviews__icons" data-testid="reviews__icons"><span><svg xmlns="http://www.w3.org/2000/svg" width="10" height="20" viewBox="0 0 10 20" class="oct-icon" aria-hidden="true" aria-label="" style="height: 14px; width: auto; fill: rgb(255, 204, 0);"><g clip-path="url(#3b8wbmf19a)" transform="translate(-202 -2221)"><g clip-path="url(#n79ah32ilb)" transform="translate(202 2221)"><g clip-path="url(#h1bi9j7dcc)" transform="translate(1.25 2.5)"><path stroke="#767676" stroke-miterlimit="5" d="m8.75 12.188-5.143 2.51.982-5.318L.43 5.614l5.75-.776L8.75 0l2.572 4.838 5.75.776L12.91 9.38l.982 5.318-5.143-2.51z"></path></g></g></g></svg><svg xmlns="http://www.w3.org/2000/svg" width="10" height="20" viewBox="0 0 10 20" class="oct-icon" aria-hidden="true" aria-label="" style="height: 14px; width: auto; fill: rgb(255, 204, 0);"><g clip-path="url(#7gjj25igta)" transform="translate(-232 -2221)"><g clip-path="url(#dvqif6313b)" transform="translate(232 2221)"><g clip-path="url(#6r7ozri4zc)" transform="translate(-8.75 2.5)"><path stroke="#767676" stroke-miterlimit="5" d="m8.75 12.188-5.143 2.51.982-5.318L.43 5.614l5.75-.776L8.75 0l2.572 4.838 5.75.776L12.91 9.38l.982 5.318-5.143-2.51z"></path></g></g></g></svg></span><span><svg xmlns="http://www.w3.org/2000/svg" width="10" height="20" viewBox="0 0 10 20" class="oct-icon" aria-hidden="true" aria-label="" style="height: 14px; width: auto; fill: rgb(255, 204, 0);"><g clip-path="url(#3b8wbmf19a)" transform="translate(-202 -2221)"><g clip-path="url(#n79ah32ilb)" transform="translate(202 2221)"><g clip-path="url(#h1bi9j7dcc)" transform="translate(1.25 2.5)"><path stroke="#767676" stroke-miterlimit="5" d="m8.75 12.188-5.143 2.51.982-5.318L.43 5.614l5.75-.776L8.75 0l2.572 4.838 5.75.776L12.91 9.38l.982 5.318-5.143-2.51z"></path></g></g></g></svg><svg xmlns="http://www.w3.org/2000/svg" width="10" height="20" viewBox="0 0 10 20" class="oct-icon" aria-hidden="true" aria-label="" style="height: 14px; width: auto; fill: rgb(255, 204, 0);"><g clip-path="url(#7gjj25igta)" transform="translate(-232 -2221)"><g clip-path="url(#dvqif6313b)" transform="translate(232 2221)"><g clip-path="url(#6r7ozri4zc)" transform="translate(-8.75 2.5)"><path stroke="#767676" stroke-miterlimit="5" d="m8.75 12.188-5.143 2.51.982-5.318L.43 5.614l5.75-.776L8.75 0l2.572 4.838 5.75.776L12.91 9.38l.982 5.318-5.143-2.51z"></path></g></g></g></svg></span><span><svg xmlns="http://www.w3.org/2000/svg" width="10" height="20" viewBox="0 0 10 20" class="oct-icon" aria-hidden="true" aria-label="" style="height: 14px; width: auto; fill: rgb(255, 204, 0);"><g clip-path="url(#3b8wbmf19a)" transform="translate(-202 -2221)"><g clip-path="url(#n79ah32ilb)" transform="translate(202 2221)"><g clip-path="url(#h1bi9j7dcc)" transform="translate(1.25 2.5)"><path stroke="#767676" stroke-miterlimit="5" d="m8.75 12.188-5.143 2.51.982-5.318L.43 5.614l5.75-.776L8.75 0l2.572 4.838 5.75.776L12.91 9.38l.982 5.318-5.143-2.51z"></path></g></g></g></svg><svg xmlns="http://www.w3.org/2000/svg" width="10" height="20" viewBox="0 0 10 20" class="oct-icon" aria-hidden="true" aria-label="" style="height: 14px; width: auto; fill: rgb(255, 204, 0);"><g clip-path="url(#7gjj25igta)" transform="translate(-232 -2221)"><g clip-path="url(#dvqif6313b)" transform="translate(232 2221)"><g clip-path="url(#6r7ozri4zc)" transform="translate(-8.75 2.5)"><path stroke="#767676" stroke-miterlimit="5" d="m8.75 12.188-5.143 2.51.982-5.318L.43 5.614l5.75-.776L8.75 0l2.572 4.838 5.75.776L12.91 9.38l.982 5.318-5.143-2.51z"></path></g></g></g></svg></span><span><svg xmlns="http://www.w3.org/2000/svg" width="10" height="20" viewBox="0 0 10 20" class="oct-icon" aria-hidden="true" aria-label="" style="height: 14px; width: auto; fill: rgb(255, 204, 0);"><g clip-path="url(#3b8wbmf19a)" transform="translate(-202 -2221)"><g clip-path="url(#n79ah32ilb)" transform="translate(202 2221)"><g clip-path="url(#h1bi9j7dcc)" transform="translate(1.25 2.5)"><path stroke="#767676" stroke-miterlimit="5" d="m8.75 12.188-5.143 2.51.982-5.318L.43 5.614l5.75-.776L8.75 0l2.572 4.838 5.75.776L12.91 9.38l.982 5.318-5.143-2.51z"></path></g></g></g></svg><svg xmlns="http://www.w3.org/2000/svg" width="10" height="20" viewBox="0 0 10 20" class="oct-icon" aria-hidden="true" aria-label="" style="height: 14px; width: auto; fill: rgb(255, 204, 0);"><g clip-path="url(#7gjj25igta)" transform="translate(-232 -2221)"><g clip-path="url(#dvqif6313b)" transform="translate(232 2221)"><g clip-path="url(#6r7ozri4zc)" transform="translate(-8.75 2.5)"><path stroke="#767676" stroke-miterlimit="5" d="m8.75 12.188-5.143 2.51.982-5.318L.43 5.614l5.75-.776L8.75 0l2.572 4.838 5.75.776L12.91 9.38l.982 5.318-5.143-2.51z"></path></g></g></g></svg></span><span><svg xmlns="http://www.w3.org/2000/svg" width="10" height="20" viewBox="0 0 10 20" class="oct-icon" aria-hidden="true" aria-label="" style="height: 14px; width: auto; fill: rgb(255, 204, 0);"><g clip-path="url(#3b8wbmf19a)" transform="translate(-202 -2221)"><g clip-path="url(#n79ah32ilb)" transform="translate(202 2221)"><g clip-path="url(#h1bi9j7dcc)" transform="translate(1.25 2.5)"><path stroke="#767676" stroke-miterlimit="5" d="m8.75 12.188-5.143 2.51.982-5.318L.43 5.614l5.75-.776L8.75 0l2.572 4.838 5.75.776L12.91 9.38l.982 5.318-5.143-2.51z"></path></g></g></g></svg><svg xmlns="http://www.w3.org/2000/svg" width="10" height="20" viewBox="0 0 10 20" class="oct-icon" aria-hidden="true" aria-label="" style="height: 14px; width: auto; fill: rgb(255, 204, 0);"><g clip-path="url(#7gjj25igta)" transform="translate(-232 -2221)"><g clip-path="url(#dvqif6313b)" transform="translate(232 2221)"><g clip-path="url(#6r7ozri4zc)" transform="translate(-8.75 2.5)"><path stroke="#767676" stroke-miterlimit="5" d="m8.75 12.188-5.143 2.51.982-5.318L.43 5.614l5.75-.776L8.75 0l2.572 4.838 5.75.776L12.91 9.38l.982 5.318-5.143-2.51z"></path></g></g></g></svg></span></div><div class="oct-reviews__optionalText"><a href="https://www.boots.com/ted-baker-peony-and-camellia-body-wash-200ml-10342124#BVRRContainer" class="oct-link oct-link--theme-text oct-color--boots-blue oct-reviews__count" aria-label="5 stars out of 5. 5 reviews"><span class="oct-reviews__optionalTextCount">(5)</span></a></div></div></div><div class="oct-teaser__offer__container" aria-label=""><div class="oct-teaser__wrap"><button data-testid="button" class="oct-button oct-button--ellipses oct-button--cta oct-button--cta-default oct-button--cta-default-responsive oct-teaser__offer oct-teaser__offer--isAvailable oct-button--cta-custom" aria-label="Save up to 1/2 price on selected Ted Baker"><div class="oct-button__content">Save up to 1/2 price on selected Ted Baker</div></button></div></div><div class="oct-teaser__price-wrapper oct-teaser__price-wrapper--saving oct-teaser__price-wrapper--current"><div class="oct-teaser__price-col1-wrapper"><p class="oct-text oct-text--standard oct-text--size_m oct-aem-text oct-aem-text--p--variant-subtext oct-teaser__productPrice" data-testid="text">£6.67</p><div class="oct-teaser__product-price-wrapper"><p class="oct-text oct-text--standard oct-text--size_m oct-aem-text oct-aem-text--p--variant-subtext oct-teaser__productPriceSave" data-testid="text">Save £3.33</p></div><p class="oct-text oct-text--standard oct-text--size_m oct-aem-text oct-aem-text--p--variant-subtext oct-teaser__productPriceWas" data-testid="text">Was £10.00</p></div></div><div class="oct-teaser__price-detail-wrapper"><p class="oct-text oct-text--standard oct-text--size_m oct-aem-text oct-aem-text--p--variant-subtext oct-teaser__productPriceDetail" data-testid="text">200ML | £3.34 per 100ML</p></div></div><div class="oct-teaser__calls-to-action oct-teaser__calls-to-action--two oct-teaser__calls-to-action--left"></div></div></div><div class="oct-teaser__foreground"><a href="https://www.boots.com/ted-baker-peony-and-camellia-body-wash-200ml-10342124" class="oct-link oct-link--theme-text oct-color--boots-blue oct-teaser-wrapper-link" tabindex="-1" aria-hidden="true" data-promo-creative="25% teaser" data-promo-position=""><div class="oct-image-link-wrapper"><img src="https://boots.scene7.com/is/image/Boots/10342124?op_sharpen=1" alt="Foreground image" class="oct-image oct-image--lazy" data-testid="lazy-image" decoding="async" loading="lazy"></div></a></div><div class="oct-teaser__calls-to-action oct-add-to-basket-callToAction oct-add-to-basket-callToAction--with-lister-basket"><div class="oct-add-to-basket"><div class="oct-input__iconContainer"><div></div><input type="hidden" class="oct-input" id="cmProductName_2952178" autocomplete="off" value="Ted Baker Peony &amp; Camellia Body Wash 200ml (10342124.P)" style=""></div><div class="oct-input__iconContainer"><div></div><input type="hidden" class="oct-input" id="catalogEntry_ID" name="catalogEntry_ID" autocomplete="off" value="2952178" style=""></div><div class="oct-input__iconContainer"><div></div><input type="hidden" class="oct-input" id="dlProductId_2952178" name="dlProductId_2952178" autocomplete="off" value="10342124.P" style=""></div><div class="oct-input__iconContainer"><div></div><input type="hidden" class="oct-input" id="dlProductName_2952178" name="dlProductName_2952178" autocomplete="off" value="Ted Baker Peony &amp; Camellia Body Wash 200ml" style=""></div><div class="oct-input__iconContainer"><div></div><input type="hidden" class="oct-input" id="dlParentCatentryID_10342124.P" name="dlParentCatentryID_10342124.P" autocomplete="off" value="2952178" style=""></div><div class="oct-input__iconContainer"><div></div><input type="hidden" class="oct-input" id="dlPackagePartNumber_2952178" name="dlPackagePartNumber_2952178" autocomplete="off" value="" style=""></div><div class="oct-add-to-basket__product_info-container"><div class="oct-add-to-basket__product_add noQuickBuy"><div class="oct-add-to-basket__quickBuySLPContainer quickBuySLPContainer"></div><div class="oct-add-to-basket__shopperActions shopperActions oct-add-to-basket__plp_shopperActions_redesign plp_shopperActions_redesign" id="shopperActionsRedesign2952178"><p class="oct-text oct-text--standard oct-text--size_m oct-aem-text oct-aem-text--p--variant-1 oct-add-to-basket__qty-errorMax qty_errorMax" data-testid="text" id="quantity_msg_2952178">Maximum quantity reached</p><div class="oct-add-to-basket__quantity-section quantity_section quantity_section_redesign" id="quantity_section_2952178"><button data-testid="button" class="oct-button oct-button--ellipses oct-button--cta oct-button--cta-default oct-button--cta-default-primaryTransparent oct-button--cta-default-responsive oct-aem-cta oct-add-to-basket__minus-quantity plus_quantity_disabled minus_quantity_redesign plus_quantity_disabled_redesign control-buttons oct-button--cta-midnight-blue-primary" to="" id="desreseQty_2952178" aria-label="Decrease Quantity Ted Baker Peony &amp; Camellia Body Wash 200ml" aria-hidden="false" data-icon="–"><div class="oct-button__content"></div></button><div class="oct-input__iconContainer"><div></div><input type="text" class="oct-input oct-add-to-basket__quantity-input quantity_input quantity_input_redesign" aria-label="quantity" name="quantity_$2952178" id="quantity_2952178" readonly="" maxlength="2" tabindex="-1" value="1" style=""></div><button data-testid="button" class="oct-button oct-button--ellipses oct-button--cta oct-button--cta-default oct-button--cta-default-primaryTransparent oct-button--cta-default-responsive oct-aem-cta oct-add-to-basket__plus-quantity plus_quantity plus_quantity_redesign control-buttons oct-button--cta-midnight-blue-primary" to="" id="increseQty_2952178" aria-label="Increase Quantity Ted Baker Peony &amp; Camellia Body Wash 200ml" aria-hidden="false" data-icon="+"><div class="oct-button__content"></div></button><div class="oct-add-to-basket__quantity-label quantity_label">in your basket</div></div><div class="oct-input__iconContainer"><div></div><input type="hidden" class="oct-input" name="freeGiftId_2952178" id="freeGiftId_2952178" value="" style=""></div><button data-testid="button" class="oct-button oct-button--ellipses oct-button--cta oct-button--cta-default oct-button--cta-default-primaryTransparent oct-button--cta-default-responsive oct-aem-cta oct-add-to-basket_button oct-button--cta-midnight-blue-primary" to="" id="add2CartBtn_2952178" eeindex="2" data-shop5="" aria-label="Add Ted Baker Peony &amp; Camellia Body Wash 200ml to basket"><div class="oct-button__content"><span class="oct-add-to-basket_button_text button_text button_text_redesign">Add to basket</span></div></button><div class="oct-input__iconContainer"><div></div><input type="hidden" class="oct-input" id="lister_orderItemId_2952178" name="lister_orderItemId" value="" style=""></div><div class="oct-input__iconContainer"><div></div><input type="hidden" class="oct-input" id="lister_orderItemQty_2952178" name="lister_orderItemId" value="0" style=""></div><div class="oct-add-to-basket--overlay" data-testid="oct-add-to-basket"><div class="oct-add-to-basket__overlay-popup oct-overlay-popup" id="basket_confirmation_popup_overlay"></div><div id="basket_confirmation_overlay_2952178" class="oct-add-to-basket__overlay-popup__dialog" style="display: none;"><div class="oct-add-to-basket__overlay-focus" role="dialog" aria-labelledby="2952178-dialog-message"><p class="oct-text oct-text--standard oct-text--size_m oct-aem-text oct-aem-text--p--variant-1 oct-add-to-basket__text" data-testid="text" id="2952178-dialog-message">Are you sure you want to remove this product?</p><a class="oct-link oct-link--theme-text oct-color--boots-blue oct-add-to-basket__close-btn" tabindex="0" title="Close overlay" role="button" aria-label="Close overlay">x</a><div class="row"><button data-testid="button" class="oct-button oct-button--default oct-button--default-default oct-button--default-default-responsive oct-add-to-basket__button-secondary oct-add-to-basket__button button" role="button"><div class="oct-button__content">Yes</div></button><button data-testid="button" class="oct-button oct-button--default oct-button--default-default oct-button--default-default-responsive oct-add-to-basket__button-tertiary oct-add-to-basket__button button" role="button"><div class="oct-button__content">No</div></button></div></div></div></div></div></div></div><div id="entitledItem_2952178" style="display: none;">[ { "catentry_id" : 2952179, "Attributes" : { }, "ItemImage" :
          "/wcsstore/eBootsStorefrontAssetStore/images/NoImageIcon.jpg",
          "ItemImage467" :
          "/wcsstore/eBootsStorefrontAssetStore/images/NoImageIcon.jpg",
          "ItemThumbnailImage" :
          "/wcsstore/eBootsStorefrontAssetStore/images/NoImageIcon_sm.jpg" } ]</div></div></div></div></div></div><div data-testid="cell" class="oct-grid__cell oct-grid__cell--width-3 oct-grid__cell--small-6 oct-grid__cell--medium-small-4 oct-grid__cell--medium-4 oct-grid__cell--medium-large-4 oct-listers-hits__item hit oct-listers__item--with-inGrid" data-insights-position="46" data-insights-query-id="9e35482c34e960965eebfb9265ec00be" data-insights-object-id="2543973" data-productid="10295521.P"><div class="oct-teaser-wrapper oct-teaser-with-basket oct-teaser-with-basket--productTile oct-teaser-with-lister-basket oct-teaser--listers oct-teaser--listers-default"><div class="oct-teaser oct-teaser--theme-productTile oct-teaser--border" style="text-align: left;"><div class="oct-teaser__promotion-offer-roundel-wrapper"></div><div class="oct-add-to-favorites" tabindex="0" role="checkbox" aria-checked="false" aria-label="Add item to favourites"><span class="oct-add-to-favorites__icon"></span></div><div class="oct-teaser__contents oct-teaser__contents--only-foreground-image"><div class="oct-teaser__contents-panel oct-teaser__contents-panel"><div class="oct-teaser__contents-panel--main-content"><div><img src="data:image/svg+xml;base64,PHN2ZyB4bWxucz0iaHR0cDovL3d3dy53My5vcmcvMjAwMC9zdmciIHdpZHRoPSIzMjUiIGhlaWdodD0iMzI1Ij48cmVjdCB3aWR0aD0iMTAwJSIgaGVpZ2h0PSIxMDAlIiBzdHlsZT0iZmlsbDojZjJmMmYyIi8+PC9zdmc+" alt="test" class="oct-image oct-teaser__contents-panel__logo oct-teaser__contents-panel__logo--small oct-image--lazy" data-testid="lazy-image" decoding="async" loading="lazy"></div><a href="https://www.boots.com/skin-republic-collagen-hydrogel-face-sheet-mask-25ml-10295521" class="oct-link oct-link--theme-text oct-color--boots-blue oct-teaser__title-link" aria-label="" title="Skin Republic Collagen Hydrogel Face Sheet Mask 25ml"><h3 class="oct-text oct-text--standard oct-text--size_m oct-aem-text oct-aem-text--h3--variant-1 oct-teaser__subtitle" data-testid="text">none</h3><div><h3 class="oct-text oct-text--standard oct-text--size_m oct-aem-text oct-aem-text--h3--variant-2 oct-teaser__title oct-teaser-with-listers" data-testid="text">Skin Republic Collagen Hydrogel Face Sheet Mask 25ml</h3></div></a><div class="oct-reviews__reviews-container" aria-label=""><div class="oct-reviews"><div class="oct-reviews__icons" data-testid="reviews__icons"><span><svg xmlns="http://www.w3.org/2000/svg" width="10" height="20" viewBox="0 0 10 20" class="oct-icon" aria-hidden="true" aria-label="" style="height: 14px; width: auto; fill: rgb(255, 204, 0);"><g clip-path="url(#3b8wbmf19a)" transform="translate(-202 -2221)"><g clip-path="url(#n79ah32ilb)" transform="translate(202 2221)"><g clip-path="url(#h1bi9j7dcc)" transform="translate(1.25 2.5)"><path stroke="#767676" stroke-miterlimit="5" d="m8.75 12.188-5.143 2.51.982-5.318L.43 5.614l5.75-.776L8.75 0l2.572 4.838 5.75.776L12.91 9.38l.982 5.318-5.143-2.51z"></path></g></g></g></svg><svg xmlns="http://www.w3.org/2000/svg" width="10" height="20" viewBox="0 0 10 20" class="oct-icon" aria-hidden="true" aria-label="" style="height: 14px; width: auto; fill: rgb(255, 204, 0);"><g clip-path="url(#7gjj25igta)" transform="translate(-232 -2221)"><g clip-path="url(#dvqif6313b)" transform="translate(232 2221)"><g clip-path="url(#6r7ozri4zc)" transform="translate(-8.75 2.5)"><path stroke="#767676" stroke-miterlimit="5" d="m8.75 12.188-5.143 2.51.982-5.318L.43 5.614l5.75-.776L8.75 0l2.572 4.838 5.75.776L12.91 9.38l.982 5.318-5.143-2.51z"></path></g></g></g></svg></span><span><svg xmlns="http://www.w3.org/2000/svg" width="10" height="20" viewBox="0 0 10 20" class="oct-icon" aria-hidden="true" aria-label="" style="height: 14px; width: auto; fill: rgb(255, 204, 0);"><g clip-path="url(#3b8wbmf19a)" transform="translate(-202 -2221)"><g clip-path="url(#n79ah32ilb)" transform="translate(202 2221)"><g clip-path="url(#h1bi9j7dcc)" transform="translate(1.25 2.5)"><path stroke="#767676" stroke-miterlimit="5" d="m8.75 12.188-5.143 2.51.982-5.318L.43 5.614l5.75-.776L8.75 0l2.572 4.838 5.75.776L12.91 9.38l.982 5.318-5.143-2.51z"></path></g></g></g></svg><svg xmlns="http://www.w3.org/2000/svg" width="10" height="20" viewBox="0 0 10 20" class="oct-icon" aria-hidden="true" aria-label="" style="height: 14px; width: auto; fill: rgb(255, 204, 0);"><g clip-path="url(#7gjj25igta)" transform="translate(-232 -2221)"><g clip-path="url(#dvqif6313b)" transform="translate(232 2221)"><g clip-path="url(#6r7ozri4zc)" transform="translate(-8.75 2.5)"><path stroke="#767676" stroke-miterlimit="5" d="m8.75 12.188-5.143 2.51.982-5.318L.43 5.614l5.75-.776L8.75 0l2.572 4.838 5.75.776L12.91 9.38l.982 5.318-5.143-2.51z"></path></g></g></g></svg></span><span><svg xmlns="http://www.w3.org/2000/svg" width="10" height="20" viewBox="0 0 10 20" class="oct-icon" aria-hidden="true" aria-label="" style="height: 14px; width: auto; fill: rgb(255, 204, 0);"><g clip-path="url(#3b8wbmf19a)" transform="translate(-202 -2221)"><g clip-path="url(#n79ah32ilb)" transform="translate(202 2221)"><g clip-path="url(#h1bi9j7dcc)" transform="translate(1.25 2.5)"><path stroke="#767676" stroke-miterlimit="5" d="m8.75 12.188-5.143 2.51.982-5.318L.43 5.614l5.75-.776L8.75 0l2.572 4.838 5.75.776L12.91 9.38l.982 5.318-5.143-2.51z"></path></g></g></g></svg><svg xmlns="http://www.w3.org/2000/svg" width="10" height="20" viewBox="0 0 10 20" class="oct-icon" aria-hidden="true" aria-label="" style="height: 14px; width: auto; fill: rgb(255, 204, 0);"><g clip-path="url(#7gjj25igta)" transform="translate(-232 -2221)"><g clip-path="url(#dvqif6313b)" transform="translate(232 2221)"><g clip-path="url(#6r7ozri4zc)" transform="translate(-8.75 2.5)"><path stroke="#767676" stroke-miterlimit="5" d="m8.75 12.188-5.143 2.51.982-5.318L.43 5.614l5.75-.776L8.75 0l2.572 4.838 5.75.776L12.91 9.38l.982 5.318-5.143-2.51z"></path></g></g></g></svg></span><span><svg xmlns="http://www.w3.org/2000/svg" width="10" height="20" viewBox="0 0 10 20" class="oct-icon" aria-hidden="true" aria-label="" style="height: 14px; width: auto; fill: rgb(255, 204, 0);"><g clip-path="url(#3b8wbmf19a)" transform="translate(-202 -2221)"><g clip-path="url(#n79ah32ilb)" transform="translate(202 2221)"><g clip-path="url(#h1bi9j7dcc)" transform="translate(1.25 2.5)"><path stroke="#767676" stroke-miterlimit="5" d="m8.75 12.188-5.143 2.51.982-5.318L.43 5.614l5.75-.776L8.75 0l2.572 4.838 5.75.776L12.91 9.38l.982 5.318-5.143-2.51z"></path></g></g></g></svg><svg xmlns="http://www.w3.org/2000/svg" width="10" height="20" viewBox="0 0 10 20" class="oct-icon" aria-hidden="true" aria-label="" style="height: 14px; width: auto; fill: rgb(255, 204, 0);"><g clip-path="url(#7gjj25igta)" transform="translate(-232 -2221)"><g clip-path="url(#dvqif6313b)" transform="translate(232 2221)"><g clip-path="url(#6r7ozri4zc)" transform="translate(-8.75 2.5)"><path stroke="#767676" stroke-miterlimit="5" d="m8.75 12.188-5.143 2.51.982-5.318L.43 5.614l5.75-.776L8.75 0l2.572 4.838 5.75.776L12.91 9.38l.982 5.318-5.143-2.51z"></path></g></g></g></svg></span><span><svg xmlns="http://www.w3.org/2000/svg" width="10" height="20" viewBox="0 0 10 20" class="oct-icon" aria-hidden="true" aria-label="" style="height: 14px; width: auto; fill: rgb(255, 204, 0);"><g clip-path="url(#3b8wbmf19a)" transform="translate(-202 -2221)"><g clip-path="url(#n79ah32ilb)" transform="translate(202 2221)"><g clip-path="url(#h1bi9j7dcc)" transform="translate(1.25 2.5)"><path stroke="#767676" stroke-miterlimit="5" d="m8.75 12.188-5.143 2.51.982-5.318L.43 5.614l5.75-.776L8.75 0l2.572 4.838 5.75.776L12.91 9.38l.982 5.318-5.143-2.51z"></path></g></g></g></svg><svg xmlns="http://www.w3.org/2000/svg" width="10" height="20" viewBox="0 0 10 20" class="oct-icon" aria-hidden="true" aria-label="" style="height: 14px; width: auto; fill: rgb(255, 204, 0);"><g clip-path="url(#7gjj25igta)" transform="translate(-232 -2221)"><g clip-path="url(#dvqif6313b)" transform="translate(232 2221)"><g clip-path="url(#6r7ozri4zc)" transform="translate(-8.75 2.5)"><path stroke="#767676" stroke-miterlimit="5" d="m8.75 12.188-5.143 2.51.982-5.318L.43 5.614l5.75-.776L8.75 0l2.572 4.838 5.75.776L12.91 9.38l.982 5.318-5.143-2.51z"></path></g></g></g></svg></span></div><div class="oct-reviews__optionalText"><a href="https://www.boots.com/skin-republic-collagen-hydrogel-face-sheet-mask-25ml-10295521#BVRRContainer" class="oct-link oct-link--theme-text oct-color--boots-blue oct-reviews__count" aria-label="5 stars out of 5. 5 reviews"><span class="oct-reviews__optionalTextCount">(5)</span></a></div></div></div><div class="oct-teaser__offer__container" aria-label=""><div class="oct-teaser__wrap"></div></div><div class="oct-teaser__price-wrapper oct-teaser__price-wrapper--current"><div class="oct-teaser__price-col1-wrapper"><p class="oct-text oct-text--standard oct-text--size_m oct-aem-text oct-aem-text--p--variant-subtext oct-teaser__productPrice" data-testid="text">£6.99</p><div class="oct-teaser__product-price-wrapper"></div></div></div><div class="oct-teaser__price-detail-wrapper"><p class="oct-text oct-text--standard oct-text--size_m oct-aem-text oct-aem-text--p--variant-subtext oct-teaser__productPriceDetail" data-testid="text">25ML | £27.96 per 100ML</p></div></div><div class="oct-teaser__calls-to-action oct-teaser__calls-to-action--two oct-teaser__calls-to-action--left"></div></div></div><div class="oct-teaser__foreground"><a href="https://www.boots.com/skin-republic-collagen-hydrogel-face-sheet-mask-25ml-10295521" class="oct-link oct-link--theme-text oct-color--boots-blue oct-teaser-wrapper-link" tabindex="-1" aria-hidden="true" data-promo-creative="25% teaser" data-promo-position=""><div class="oct-image-link-wrapper"><img src="https://boots.scene7.com/is/image/Boots/10295521?op_sharpen=1" alt="Foreground image" class="oct-image oct-image--lazy" data-testid="lazy-image" decoding="async" loading="lazy"></div></a></div><div class="oct-teaser__calls-to-action oct-add-to-basket-callToAction oct-add-to-basket-callToAction--with-lister-basket"><div class="oct-add-to-basket"><div class="oct-input__iconContainer"><div></div><input type="hidden" class="oct-input" id="cmProductName_2543972" autocomplete="off" value="Skin Republic Collagen Hydrogel Face Sheet Mask 25ml (10295521.P)" style=""></div><div class="oct-input__iconContainer"><div></div><input type="hidden" class="oct-input" id="catalogEntry_ID" name="catalogEntry_ID" autocomplete="off" value="2543972" style=""></div><div class="oct-input__iconContainer"><div></div><input type="hidden" class="oct-input" id="dlProductId_2543972" name="dlProductId_2543972" autocomplete="off" value="10295521.P" style=""></div><div class="oct-input__iconContainer"><div></div><input type="hidden" class="oct-input" id="dlProductName_2543972" name="dlProductName_2543972" autocomplete="off" value="Skin Republic Collagen Hydrogel Face Sheet Mask 25ml" style=""></div><div class="oct-input__iconContainer"><div></div><input type="hidden" class="oct-input" id="dlParentCatentryID_10295521.P" name="dlParentCatentryID_10295521.P" autocomplete="off" value="2543972" style=""></div><div class="oct-input__iconContainer"><div></div><input type="hidden" class="oct-input" id="dlPackagePartNumber_2543972" name="dlPackagePartNumber_2543972" autocomplete="off" value="" style=""></div><div class="oct-add-to-basket__product_info-container"><div class="oct-add-to-basket__product_add noQuickBuy"><div class="oct-add-to-basket__quickBuySLPContainer quickBuySLPContainer"></div><div class="oct-add-to-basket__shopperActions shopperActions oct-add-to-basket__plp_shopperActions_redesign plp_shopperActions_redesign" id="shopperActionsRedesign2543972"><p class="oct-text oct-text--standard oct-text--size_m oct-aem-text oct-aem-text--p--variant-1 oct-add-to-basket__qty-errorMax qty_errorMax" data-testid="text" id="quantity_msg_2543972">Maximum quantity reached</p><div class="oct-add-to-basket__quantity-section quantity_section quantity_section_redesign" id="quantity_section_2543972"><button data-testid="button" class="oct-button oct-button--ellipses oct-button--cta oct-button--cta-default oct-button--cta-default-primaryTransparent oct-button--cta-default-responsive oct-aem-cta oct-add-to-basket__minus-quantity plus_quantity_disabled minus_quantity_redesign plus_quantity_disabled_redesign control-buttons oct-button--cta-midnight-blue-primary" to="" id="desreseQty_2543972" aria-label="Decrease Quantity Skin Republic Collagen Hydrogel Face Sheet Mask 25ml" aria-hidden="false" data-icon="–"><div class="oct-button__content"></div></button><div class="oct-input__iconContainer"><div></div><input type="text" class="oct-input oct-add-to-basket__quantity-input quantity_input quantity_input_redesign" aria-label="quantity" name="quantity_$2543972" id="quantity_2543972" readonly="" maxlength="2" tabindex="-1" value="1" style=""></div><button data-testid="button" class="oct-button oct-button--ellipses oct-button--cta oct-button--cta-default oct-button--cta-default-primaryTransparent oct-button--cta-default-responsive oct-aem-cta oct-add-to-basket__plus-quantity plus_quantity plus_quantity_redesign control-buttons oct-button--cta-midnight-blue-primary" to="" id="increseQty_2543972" aria-label="Increase Quantity Skin Republic Collagen Hydrogel Face Sheet Mask 25ml" aria-hidden="false" data-icon="+"><div class="oct-button__content"></div></button><div class="oct-add-to-basket__quantity-label quantity_label">in your basket</div></div><div class="oct-input__iconContainer"><div></div><input type="hidden" class="oct-input" name="freeGiftId_2543972" id="freeGiftId_2543972" value="" style=""></div><button data-testid="button" class="oct-button oct-button--ellipses oct-button--cta oct-button--cta-default oct-button--cta-default-primaryTransparent oct-button--cta-default-responsive oct-aem-cta oct-add-to-basket_button oct-button--cta-midnight-blue-primary" to="" id="add2CartBtn_2543972" eeindex="2" data-shop5="" aria-label="Add Skin Republic Collagen Hydrogel Face Sheet Mask 25ml to basket"><div class="oct-button__content"><span class="oct-add-to-basket_button_text button_text button_text_redesign">Add to basket</span></div></button><div class="oct-input__iconContainer"><div></div><input type="hidden" class="oct-input" id="lister_orderItemId_2543972" name="lister_orderItemId" value="" style=""></div><div class="oct-input__iconContainer"><div></div><input type="hidden" class="oct-input" id="lister_orderItemQty_2543972" name="lister_orderItemId" value="0" style=""></div><div class="oct-add-to-basket--overlay" data-testid="oct-add-to-basket"><div class="oct-add-to-basket__overlay-popup oct-overlay-popup" id="basket_confirmation_popup_overlay"></div><div id="basket_confirmation_overlay_2543972" class="oct-add-to-basket__overlay-popup__dialog" style="display: none;"><div class="oct-add-to-basket__overlay-focus" role="dialog" aria-labelledby="2543972-dialog-message"><p class="oct-text oct-text--standard oct-text--size_m oct-aem-text oct-aem-text--p--variant-1 oct-add-to-basket__text" data-testid="text" id="2543972-dialog-message">Are you sure you want to remove this product?</p><a class="oct-link oct-link--theme-text oct-color--boots-blue oct-add-to-basket__close-btn" tabindex="0" title="Close overlay" role="button" aria-label="Close overlay">x</a><div class="row"><button data-testid="button" class="oct-button oct-button--default oct-button--default-default oct-button--default-default-responsive oct-add-to-basket__button-secondary oct-add-to-basket__button button" role="button"><div class="oct-button__content">Yes</div></button><button data-testid="button" class="oct-button oct-button--default oct-button--default-default oct-button--default-default-responsive oct-add-to-basket__button-tertiary oct-add-to-basket__button button" role="button"><div class="oct-button__content">No</div></button></div></div></div></div></div></div></div><div id="entitledItem_2543972" style="display: none;">[ { "catentry_id" : 2543973, "Attributes" : { }, "ItemImage" :
          "/wcsstore/eBootsStorefrontAssetStore/images/NoImageIcon.jpg",
          "ItemImage467" :
          "/wcsstore/eBootsStorefrontAssetStore/images/NoImageIcon.jpg",
          "ItemThumbnailImage" :
          "/wcsstore/eBootsStorefrontAssetStore/images/NoImageIcon_sm.jpg" } ]</div></div></div></div></div></div><div data-testid="cell" class="oct-grid__cell oct-grid__cell--width-3 oct-grid__cell--small-6 oct-grid__cell--medium-small-4 oct-grid__cell--medium-4 oct-grid__cell--medium-large-4 oct-listers-hits__item hit oct-listers__item--with-inGrid" data-insights-position="47" data-insights-query-id="9e35482c34e960965eebfb9265ec00be" data-insights-object-id="2691007" data-productid="10313970.P"><div class="oct-teaser-wrapper oct-teaser-with-basket oct-teaser-with-basket--productTile oct-teaser-with-lister-basket oct-teaser--listers oct-teaser--listers-default"><div class="oct-teaser oct-teaser--theme-productTile oct-teaser--border" style="text-align: left;"><div class="oct-teaser__promotion-offer-roundel-wrapper"></div><div class="oct-add-to-favorites" tabindex="0" role="checkbox" aria-checked="false" aria-label="Add item to favourites"><span class="oct-add-to-favorites__icon"></span></div><div class="oct-teaser__contents oct-teaser__contents--only-foreground-image"><div class="oct-teaser__contents-panel oct-teaser__contents-panel"><div class="oct-teaser__contents-panel--main-content"><div><img src="data:image/svg+xml;base64,PHN2ZyB4bWxucz0iaHR0cDovL3d3dy53My5vcmcvMjAwMC9zdmciIHdpZHRoPSIzMjUiIGhlaWdodD0iMzI1Ij48cmVjdCB3aWR0aD0iMTAwJSIgaGVpZ2h0PSIxMDAlIiBzdHlsZT0iZmlsbDojZjJmMmYyIi8+PC9zdmc+" alt="test" class="oct-image oct-teaser__contents-panel__logo oct-teaser__contents-panel__logo--small oct-image--lazy" data-testid="lazy-image" decoding="async" loading="lazy"></div><a href="https://www.boots.com/sanctuary-spa-signature-natural-oils-salt-scrub-mini-60g-10313970" class="oct-link oct-link--theme-text oct-color--boots-blue oct-teaser__title-link" aria-label="" title="Sanctuary Spa Signature Natural Oils Salt Scrub Mini 60g"><h3 class="oct-text oct-text--standard oct-text--size_m oct-aem-text oct-aem-text--h3--variant-1 oct-teaser__subtitle" data-testid="text">none</h3><div><h3 class="oct-text oct-text--standard oct-text--size_m oct-aem-text oct-aem-text--h3--variant-2 oct-teaser__title oct-teaser-with-listers" data-testid="text">Sanctuary Spa Signature Natural Oils Salt Scrub Mini 60g</h3></div></a><div class="oct-reviews__reviews-container" aria-label=""><div class="oct-reviews"><div class="oct-reviews__icons" data-testid="reviews__icons"><span><svg xmlns="http://www.w3.org/2000/svg" width="10" height="20" viewBox="0 0 10 20" class="oct-icon" aria-hidden="true" aria-label="" style="height: 14px; width: auto; fill: rgb(255, 204, 0);"><g clip-path="url(#3b8wbmf19a)" transform="translate(-202 -2221)"><g clip-path="url(#n79ah32ilb)" transform="translate(202 2221)"><g clip-path="url(#h1bi9j7dcc)" transform="translate(1.25 2.5)"><path stroke="#767676" stroke-miterlimit="5" d="m8.75 12.188-5.143 2.51.982-5.318L.43 5.614l5.75-.776L8.75 0l2.572 4.838 5.75.776L12.91 9.38l.982 5.318-5.143-2.51z"></path></g></g></g></svg><svg xmlns="http://www.w3.org/2000/svg" width="10" height="20" viewBox="0 0 10 20" class="oct-icon" aria-hidden="true" aria-label="" style="height: 14px; width: auto; fill: rgb(255, 204, 0);"><g clip-path="url(#7gjj25igta)" transform="translate(-232 -2221)"><g clip-path="url(#dvqif6313b)" transform="translate(232 2221)"><g clip-path="url(#6r7ozri4zc)" transform="translate(-8.75 2.5)"><path stroke="#767676" stroke-miterlimit="5" d="m8.75 12.188-5.143 2.51.982-5.318L.43 5.614l5.75-.776L8.75 0l2.572 4.838 5.75.776L12.91 9.38l.982 5.318-5.143-2.51z"></path></g></g></g></svg></span><span><svg xmlns="http://www.w3.org/2000/svg" width="10" height="20" viewBox="0 0 10 20" class="oct-icon" aria-hidden="true" aria-label="" style="height: 14px; width: auto; fill: rgb(255, 204, 0);"><g clip-path="url(#3b8wbmf19a)" transform="translate(-202 -2221)"><g clip-path="url(#n79ah32ilb)" transform="translate(202 2221)"><g clip-path="url(#h1bi9j7dcc)" transform="translate(1.25 2.5)"><path stroke="#767676" stroke-miterlimit="5" d="m8.75 12.188-5.143 2.51.982-5.318L.43 5.614l5.75-.776L8.75 0l2.572 4.838 5.75.776L12.91 9.38l.982 5.318-5.143-2.51z"></path></g></g></g></svg><svg xmlns="http://www.w3.org/2000/svg" width="10" height="20" viewBox="0 0 10 20" class="oct-icon" aria-hidden="true" aria-label="" style="height: 14px; width: auto; fill: rgb(255, 204, 0);"><g clip-path="url(#7gjj25igta)" transform="translate(-232 -2221)"><g clip-path="url(#dvqif6313b)" transform="translate(232 2221)"><g clip-path="url(#6r7ozri4zc)" transform="translate(-8.75 2.5)"><path stroke="#767676" stroke-miterlimit="5" d="m8.75 12.188-5.143 2.51.982-5.318L.43 5.614l5.75-.776L8.75 0l2.572 4.838 5.75.776L12.91 9.38l.982 5.318-5.143-2.51z"></path></g></g></g></svg></span><span><svg xmlns="http://www.w3.org/2000/svg" width="10" height="20" viewBox="0 0 10 20" class="oct-icon" aria-hidden="true" aria-label="" style="height: 14px; width: auto; fill: rgb(255, 204, 0);"><g clip-path="url(#3b8wbmf19a)" transform="translate(-202 -2221)"><g clip-path="url(#n79ah32ilb)" transform="translate(202 2221)"><g clip-path="url(#h1bi9j7dcc)" transform="translate(1.25 2.5)"><path stroke="#767676" stroke-miterlimit="5" d="m8.75 12.188-5.143 2.51.982-5.318L.43 5.614l5.75-.776L8.75 0l2.572 4.838 5.75.776L12.91 9.38l.982 5.318-5.143-2.51z"></path></g></g></g></svg><svg xmlns="http://www.w3.org/2000/svg" width="10" height="20" viewBox="0 0 10 20" class="oct-icon" aria-hidden="true" aria-label="" style="height: 14px; width: auto; fill: rgb(255, 204, 0);"><g clip-path="url(#7gjj25igta)" transform="translate(-232 -2221)"><g clip-path="url(#dvqif6313b)" transform="translate(232 2221)"><g clip-path="url(#6r7ozri4zc)" transform="translate(-8.75 2.5)"><path stroke="#767676" stroke-miterlimit="5" d="m8.75 12.188-5.143 2.51.982-5.318L.43 5.614l5.75-.776L8.75 0l2.572 4.838 5.75.776L12.91 9.38l.982 5.318-5.143-2.51z"></path></g></g></g></svg></span><span><svg xmlns="http://www.w3.org/2000/svg" width="10" height="20" viewBox="0 0 10 20" class="oct-icon" aria-hidden="true" aria-label="" style="height: 14px; width: auto; fill: rgb(255, 204, 0);"><g clip-path="url(#3b8wbmf19a)" transform="translate(-202 -2221)"><g clip-path="url(#n79ah32ilb)" transform="translate(202 2221)"><g clip-path="url(#h1bi9j7dcc)" transform="translate(1.25 2.5)"><path stroke="#767676" stroke-miterlimit="5" d="m8.75 12.188-5.143 2.51.982-5.318L.43 5.614l5.75-.776L8.75 0l2.572 4.838 5.75.776L12.91 9.38l.982 5.318-5.143-2.51z"></path></g></g></g></svg><svg xmlns="http://www.w3.org/2000/svg" width="10" height="20" viewBox="0 0 10 20" class="oct-icon" aria-hidden="true" aria-label="" style="height: 14px; width: auto; fill: rgb(255, 204, 0);"><g clip-path="url(#7gjj25igta)" transform="translate(-232 -2221)"><g clip-path="url(#dvqif6313b)" transform="translate(232 2221)"><g clip-path="url(#6r7ozri4zc)" transform="translate(-8.75 2.5)"><path stroke="#767676" stroke-miterlimit="5" d="m8.75 12.188-5.143 2.51.982-5.318L.43 5.614l5.75-.776L8.75 0l2.572 4.838 5.75.776L12.91 9.38l.982 5.318-5.143-2.51z"></path></g></g></g></svg></span><span><svg xmlns="http://www.w3.org/2000/svg" width="10" height="20" viewBox="0 0 10 20" class="oct-icon" aria-hidden="true" aria-label="" style="height: 14px; width: auto; fill: rgb(255, 204, 0);"><g clip-path="url(#3b8wbmf19a)" transform="translate(-202 -2221)"><g clip-path="url(#n79ah32ilb)" transform="translate(202 2221)"><g clip-path="url(#h1bi9j7dcc)" transform="translate(1.25 2.5)"><path stroke="#767676" stroke-miterlimit="5" d="m8.75 12.188-5.143 2.51.982-5.318L.43 5.614l5.75-.776L8.75 0l2.572 4.838 5.75.776L12.91 9.38l.982 5.318-5.143-2.51z"></path></g></g></g></svg><svg xmlns="http://www.w3.org/2000/svg" width="10" height="20" viewBox="0 0 10 20" class="oct-icon" aria-hidden="true" aria-label="" style="height: 14px; width: auto; fill: rgb(255, 204, 0);"><g clip-path="url(#7gjj25igta)" transform="translate(-232 -2221)"><g clip-path="url(#dvqif6313b)" transform="translate(232 2221)"><g clip-path="url(#6r7ozri4zc)" transform="translate(-8.75 2.5)"><path stroke="#767676" stroke-miterlimit="5" d="m8.75 12.188-5.143 2.51.982-5.318L.43 5.614l5.75-.776L8.75 0l2.572 4.838 5.75.776L12.91 9.38l.982 5.318-5.143-2.51z"></path></g></g></g></svg></span></div><div class="oct-reviews__optionalText"><a href="https://www.boots.com/sanctuary-spa-signature-natural-oils-salt-scrub-mini-60g-10313970#BVRRContainer" class="oct-link oct-link--theme-text oct-color--boots-blue oct-reviews__count" aria-label="5 stars out of 5. 15 reviews"><span class="oct-reviews__optionalTextCount">(15)</span></a></div></div></div><div class="oct-teaser__offer__container" aria-label=""><div class="oct-teaser__wrap"></div></div><div class="oct-teaser__price-wrapper oct-teaser__price-wrapper--current"><div class="oct-teaser__price-col1-wrapper"><p class="oct-text oct-text--standard oct-text--size_m oct-aem-text oct-aem-text--p--variant-subtext oct-teaser__productPrice" data-testid="text">£2.00</p><div class="oct-teaser__product-price-wrapper"></div></div></div><div class="oct-teaser__price-detail-wrapper"><p class="oct-text oct-text--standard oct-text--size_m oct-aem-text oct-aem-text--p--variant-subtext oct-teaser__productPriceDetail" data-testid="text">60G | £3.33 per 100G</p></div></div><div class="oct-teaser__calls-to-action oct-teaser__calls-to-action--two oct-teaser__calls-to-action--left"></div></div></div><div class="oct-teaser__foreground"><a href="https://www.boots.com/sanctuary-spa-signature-natural-oils-salt-scrub-mini-60g-10313970" class="oct-link oct-link--theme-text oct-color--boots-blue oct-teaser-wrapper-link" tabindex="-1" aria-hidden="true" data-promo-creative="25% teaser" data-promo-position=""><div class="oct-image-link-wrapper"><img src="https://boots.scene7.com/is/image/Boots/10313970?op_sharpen=1" alt="Foreground image" class="oct-image oct-image--lazy" data-testid="lazy-image" decoding="async" loading="lazy"></div></a></div><div class="oct-teaser__calls-to-action oct-add-to-basket-callToAction oct-add-to-basket-callToAction--with-lister-basket"><div class="oct-add-to-basket"><div class="oct-input__iconContainer"><div></div><input type="hidden" class="oct-input" id="cmProductName_2691006" autocomplete="off" value="Sanctuary Spa Signature Natural Oils Salt Scrub Mini 60g (10313970.P)" style=""></div><div class="oct-input__iconContainer"><div></div><input type="hidden" class="oct-input" id="catalogEntry_ID" name="catalogEntry_ID" autocomplete="off" value="2691006" style=""></div><div class="oct-input__iconContainer"><div></div><input type="hidden" class="oct-input" id="dlProductId_2691006" name="dlProductId_2691006" autocomplete="off" value="10313970.P" style=""></div><div class="oct-input__iconContainer"><div></div><input type="hidden" class="oct-input" id="dlProductName_2691006" name="dlProductName_2691006" autocomplete="off" value="Sanctuary Spa Signature Natural Oils Salt Scrub Mini 60g" style=""></div><div class="oct-input__iconContainer"><div></div><input type="hidden" class="oct-input" id="dlParentCatentryID_10313970.P" name="dlParentCatentryID_10313970.P" autocomplete="off" value="2691006" style=""></div><div class="oct-input__iconContainer"><div></div><input type="hidden" class="oct-input" id="dlPackagePartNumber_2691006" name="dlPackagePartNumber_2691006" autocomplete="off" value="" style=""></div><div class="oct-add-to-basket__product_info-container"><div class="oct-add-to-basket__product_add noQuickBuy"><div class="oct-add-to-basket__quickBuySLPContainer quickBuySLPContainer"></div><div class="oct-add-to-basket__shopperActions shopperActions oct-add-to-basket__plp_shopperActions_redesign plp_shopperActions_redesign" id="shopperActionsRedesign2691006"><p class="oct-text oct-text--standard oct-text--size_m oct-aem-text oct-aem-text--p--variant-1 oct-add-to-basket__qty-errorMax qty_errorMax" data-testid="text" id="quantity_msg_2691006">Maximum quantity reached</p><div class="oct-add-to-basket__quantity-section quantity_section quantity_section_redesign" id="quantity_section_2691006"><button data-testid="button" class="oct-button oct-button--ellipses oct-button--cta oct-button--cta-default oct-button--cta-default-primaryTransparent oct-button--cta-default-responsive oct-aem-cta oct-add-to-basket__minus-quantity plus_quantity_disabled minus_quantity_redesign plus_quantity_disabled_redesign control-buttons oct-button--cta-midnight-blue-primary" to="" id="desreseQty_2691006" aria-label="Decrease Quantity Sanctuary Spa Signature Natural Oils Salt Scrub Mini 60g" aria-hidden="false" data-icon="–"><div class="oct-button__content"></div></button><div class="oct-input__iconContainer"><div></div><input type="text" class="oct-input oct-add-to-basket__quantity-input quantity_input quantity_input_redesign" aria-label="quantity" name="quantity_$2691006" id="quantity_2691006" readonly="" maxlength="2" tabindex="-1" value="1" style=""></div><button data-testid="button" class="oct-button oct-button--ellipses oct-button--cta oct-button--cta-default oct-button--cta-default-primaryTransparent oct-button--cta-default-responsive oct-aem-cta oct-add-to-basket__plus-quantity plus_quantity plus_quantity_redesign control-buttons oct-button--cta-midnight-blue-primary" to="" id="increseQty_2691006" aria-label="Increase Quantity Sanctuary Spa Signature Natural Oils Salt Scrub Mini 60g" aria-hidden="false" data-icon="+"><div class="oct-button__content"></div></button><div class="oct-add-to-basket__quantity-label quantity_label">in your basket</div></div><div class="oct-input__iconContainer"><div></div><input type="hidden" class="oct-input" name="freeGiftId_2691006" id="freeGiftId_2691006" value="" style=""></div><button data-testid="button" class="oct-button oct-button--ellipses oct-button--cta oct-button--cta-default oct-button--cta-default-primaryTransparent oct-button--cta-default-responsive oct-aem-cta oct-add-to-basket_button oct-button--cta-midnight-blue-primary" to="" id="add2CartBtn_2691006" eeindex="2" data-shop5="" aria-label="Add Sanctuary Spa Signature Natural Oils Salt Scrub Mini 60g to basket"><div class="oct-button__content"><span class="oct-add-to-basket_button_text button_text button_text_redesign">Add to basket</span></div></button><div class="oct-input__iconContainer"><div></div><input type="hidden" class="oct-input" id="lister_orderItemId_2691006" name="lister_orderItemId" value="" style=""></div><div class="oct-input__iconContainer"><div></div><input type="hidden" class="oct-input" id="lister_orderItemQty_2691006" name="lister_orderItemId" value="0" style=""></div><div class="oct-add-to-basket--overlay" data-testid="oct-add-to-basket"><div class="oct-add-to-basket__overlay-popup oct-overlay-popup" id="basket_confirmation_popup_overlay"></div><div id="basket_confirmation_overlay_2691006" class="oct-add-to-basket__overlay-popup__dialog" style="display: none;"><div class="oct-add-to-basket__overlay-focus" role="dialog" aria-labelledby="2691006-dialog-message"><p class="oct-text oct-text--standard oct-text--size_m oct-aem-text oct-aem-text--p--variant-1 oct-add-to-basket__text" data-testid="text" id="2691006-dialog-message">Are you sure you want to remove this product?</p><a class="oct-link oct-link--theme-text oct-color--boots-blue oct-add-to-basket__close-btn" tabindex="0" title="Close overlay" role="button" aria-label="Close overlay">x</a><div class="row"><button data-testid="button" class="oct-button oct-button--default oct-button--default-default oct-button--default-default-responsive oct-add-to-basket__button-secondary oct-add-to-basket__button button" role="button"><div class="oct-button__content">Yes</div></button><button data-testid="button" class="oct-button oct-button--default oct-button--default-default oct-button--default-default-responsive oct-add-to-basket__button-tertiary oct-add-to-basket__button button" role="button"><div class="oct-button__content">No</div></button></div></div></div></div></div></div></div><div id="entitledItem_2691006" style="display: none;">[ { "catentry_id" : 2691007, "Attributes" : { }, "ItemImage" :
          "/wcsstore/eBootsStorefrontAssetStore/images/NoImageIcon.jpg",
          "ItemImage467" :
          "/wcsstore/eBootsStorefrontAssetStore/images/NoImageIcon.jpg",
          "ItemThumbnailImage" :
          "/wcsstore/eBootsStorefrontAssetStore/images/NoImageIcon_sm.jpg" } ]</div></div></div></div></div></div><div data-testid="cell" class="oct-grid__cell oct-grid__cell--width-3 oct-grid__cell--small-6 oct-grid__cell--medium-small-4 oct-grid__cell--medium-4 oct-grid__cell--medium-large-4 oct-listers-hits__item hit oct-listers__item--with-inGrid" data-insights-position="48" data-insights-query-id="9e35482c34e960965eebfb9265ec00be" data-insights-object-id="3013125" data-productid="10348255.P"><div class="oct-teaser-wrapper oct-teaser-with-basket oct-teaser-with-basket--productTile oct-teaser-with-lister-basket oct-teaser--listers oct-teaser--listers-default"><div class="oct-teaser oct-teaser--theme-productTile oct-teaser--border" style="text-align: left;"><div class="oct-teaser__promotion-offer-roundel-wrapper"><div class="oct-teaser__promotion-offer-roundel-item oct-teaser__promotion-offer-roundel-item--offer" aria-label="Item on offer" role="img">Offer</div></div><div class="oct-add-to-favorites" tabindex="0" role="checkbox" aria-checked="false" aria-label="Add item to favourites"><span class="oct-add-to-favorites__icon"></span></div><div class="oct-teaser__contents oct-teaser__contents--only-foreground-image"><div class="oct-teaser__contents-panel oct-teaser__contents-panel"><div class="oct-teaser__contents-panel--main-content"><div><img src="data:image/svg+xml;base64,PHN2ZyB4bWxucz0iaHR0cDovL3d3dy53My5vcmcvMjAwMC9zdmciIHdpZHRoPSIzMjUiIGhlaWdodD0iMzI1Ij48cmVjdCB3aWR0aD0iMTAwJSIgaGVpZ2h0PSIxMDAlIiBzdHlsZT0iZmlsbDojZjJmMmYyIi8+PC9zdmc+" alt="test" class="oct-image oct-teaser__contents-panel__logo oct-teaser__contents-panel__logo--small oct-image--lazy" data-testid="lazy-image" decoding="async" loading="lazy"></div><a href="https://www.boots.com/laneige-radian-c-cream-30ml-10348255" class="oct-link oct-link--theme-text oct-color--boots-blue oct-teaser__title-link" aria-label="" title="LANEIGE Radian-C Cream 30ml"><h3 class="oct-text oct-text--standard oct-text--size_m oct-aem-text oct-aem-text--h3--variant-1 oct-teaser__subtitle" data-testid="text">none</h3><div><h3 class="oct-text oct-text--standard oct-text--size_m oct-aem-text oct-aem-text--h3--variant-2 oct-teaser__title oct-teaser-with-listers" data-testid="text">LANEIGE Radian-C Cream 30ml</h3></div></a><div class="oct-reviews__reviews-container oct-reviews__noReview" aria-label=""></div><div class="oct-teaser__offer__container" aria-label=""><div class="oct-teaser__wrap"><button data-testid="button" class="oct-button oct-button--ellipses oct-button--cta oct-button--cta-default oct-button--cta-default-responsive oct-teaser__offer oct-teaser__offer--isAvailable oct-button--cta-custom" aria-label="Save up to 25 percent on selected Premium Beauty"><div class="oct-button__content">Save up to 25 percent on selected Premium Beauty</div></button></div></div><div class="oct-teaser__price-wrapper oct-teaser__price-wrapper--saving oct-teaser__price-wrapper--current"><div class="oct-teaser__price-col1-wrapper"><p class="oct-text oct-text--standard oct-text--size_m oct-aem-text oct-aem-text--p--variant-subtext oct-teaser__productPrice" data-testid="text">£16.87</p><div class="oct-teaser__product-price-wrapper"><p class="oct-text oct-text--standard oct-text--size_m oct-aem-text oct-aem-text--p--variant-subtext oct-teaser__productPriceSave" data-testid="text">Save £5.63</p></div><p class="oct-text oct-text--standard oct-text--size_m oct-aem-text oct-aem-text--p--variant-subtext oct-teaser__productPriceWas" data-testid="text">Was £22.50</p></div></div><div class="oct-teaser__price-detail-wrapper"><p class="oct-text oct-text--standard oct-text--size_m oct-aem-text oct-aem-text--p--variant-subtext oct-teaser__productPriceDetail" data-testid="text">30ML | £56.23 per 100ML</p></div></div><div class="oct-teaser__calls-to-action oct-teaser__calls-to-action--two oct-teaser__calls-to-action--left"></div></div></div><div class="oct-teaser__foreground"><a href="https://www.boots.com/laneige-radian-c-cream-30ml-10348255" class="oct-link oct-link--theme-text oct-color--boots-blue oct-teaser-wrapper-link" tabindex="-1" aria-hidden="true" data-promo-creative="25% teaser" data-promo-position=""><div class="oct-image-link-wrapper"><img src="https://boots.scene7.com/is/image/Boots/10348255?op_sharpen=1" alt="Foreground image" class="oct-image oct-image--lazy" data-testid="lazy-image" decoding="async" loading="lazy"></div></a></div><div class="oct-teaser__calls-to-action oct-add-to-basket-callToAction oct-add-to-basket-callToAction--with-lister-basket"><div class="oct-add-to-basket"><div class="oct-input__iconContainer"><div></div><input type="hidden" class="oct-input" id="cmProductName_3013124" autocomplete="off" value="LANEIGE Radian-C Cream 30ml (10348255.P)" style=""></div><div class="oct-input__iconContainer"><div></div><input type="hidden" class="oct-input" id="catalogEntry_ID" name="catalogEntry_ID" autocomplete="off" value="3013124" style=""></div><div class="oct-input__iconContainer"><div></div><input type="hidden" class="oct-input" id="dlProductId_3013124" name="dlProductId_3013124" autocomplete="off" value="10348255.P" style=""></div><div class="oct-input__iconContainer"><div></div><input type="hidden" class="oct-input" id="dlProductName_3013124" name="dlProductName_3013124" autocomplete="off" value="LANEIGE Radian-C Cream 30ml" style=""></div><div class="oct-input__iconContainer"><div></div><input type="hidden" class="oct-input" id="dlParentCatentryID_10348255.P" name="dlParentCatentryID_10348255.P" autocomplete="off" value="3013124" style=""></div><div class="oct-input__iconContainer"><div></div><input type="hidden" class="oct-input" id="dlPackagePartNumber_3013124" name="dlPackagePartNumber_3013124" autocomplete="off" value="" style=""></div><div class="oct-add-to-basket__product_info-container"><div class="oct-add-to-basket__product_add noQuickBuy"><div class="oct-add-to-basket__quickBuySLPContainer quickBuySLPContainer"></div><div class="oct-add-to-basket__shopperActions shopperActions oct-add-to-basket__plp_shopperActions_redesign plp_shopperActions_redesign" id="shopperActionsRedesign3013124"><p class="oct-text oct-text--standard oct-text--size_m oct-aem-text oct-aem-text--p--variant-1 oct-add-to-basket__qty-errorMax qty_errorMax" data-testid="text" id="quantity_msg_3013124">Maximum quantity reached</p><div class="oct-add-to-basket__quantity-section quantity_section quantity_section_redesign" id="quantity_section_3013124"><button data-testid="button" class="oct-button oct-button--ellipses oct-button--cta oct-button--cta-default oct-button--cta-default-primaryTransparent oct-button--cta-default-responsive oct-aem-cta oct-add-to-basket__minus-quantity plus_quantity_disabled minus_quantity_redesign plus_quantity_disabled_redesign control-buttons oct-button--cta-midnight-blue-primary" to="" id="desreseQty_3013124" aria-label="Decrease Quantity LANEIGE Radian-C Cream 30ml" aria-hidden="false" data-icon="–"><div class="oct-button__content"></div></button><div class="oct-input__iconContainer"><div></div><input type="text" class="oct-input oct-add-to-basket__quantity-input quantity_input quantity_input_redesign" aria-label="quantity" name="quantity_$3013124" id="quantity_3013124" readonly="" maxlength="2" tabindex="-1" value="1" style=""></div><button data-testid="button" class="oct-button oct-button--ellipses oct-button--cta oct-button--cta-default oct-button--cta-default-primaryTransparent oct-button--cta-default-responsive oct-aem-cta oct-add-to-basket__plus-quantity plus_quantity plus_quantity_redesign control-buttons oct-button--cta-midnight-blue-primary" to="" id="increseQty_3013124" aria-label="Increase Quantity LANEIGE Radian-C Cream 30ml" aria-hidden="false" data-icon="+"><div class="oct-button__content"></div></button><div class="oct-add-to-basket__quantity-label quantity_label">in your basket</div></div><div class="oct-input__iconContainer"><div></div><input type="hidden" class="oct-input" name="freeGiftId_3013124" id="freeGiftId_3013124" value="" style=""></div><button data-testid="button" class="oct-button oct-button--ellipses oct-button--cta oct-button--cta-default oct-button--cta-default-primaryTransparent oct-button--cta-default-responsive oct-aem-cta oct-add-to-basket_button oct-button--cta-midnight-blue-primary" to="" id="add2CartBtn_3013124" eeindex="2" data-shop5="" aria-label="Add LANEIGE Radian-C Cream 30ml to basket"><div class="oct-button__content"><span class="oct-add-to-basket_button_text button_text button_text_redesign">Add to basket</span></div></button><div class="oct-input__iconContainer"><div></div><input type="hidden" class="oct-input" id="lister_orderItemId_3013124" name="lister_orderItemId" value="" style=""></div><div class="oct-input__iconContainer"><div></div><input type="hidden" class="oct-input" id="lister_orderItemQty_3013124" name="lister_orderItemId" value="0" style=""></div><div class="oct-add-to-basket--overlay" data-testid="oct-add-to-basket"><div class="oct-add-to-basket__overlay-popup oct-overlay-popup" id="basket_confirmation_popup_overlay"></div><div id="basket_confirmation_overlay_3013124" class="oct-add-to-basket__overlay-popup__dialog" style="display: none;"><div class="oct-add-to-basket__overlay-focus" role="dialog" aria-labelledby="3013124-dialog-message"><p class="oct-text oct-text--standard oct-text--size_m oct-aem-text oct-aem-text--p--variant-1 oct-add-to-basket__text" data-testid="text" id="3013124-dialog-message">Are you sure you want to remove this product?</p><a class="oct-link oct-link--theme-text oct-color--boots-blue oct-add-to-basket__close-btn" tabindex="0" title="Close overlay" role="button" aria-label="Close overlay">x</a><div class="row"><button data-testid="button" class="oct-button oct-button--default oct-button--default-default oct-button--default-default-responsive oct-add-to-basket__button-secondary oct-add-to-basket__button button" role="button"><div class="oct-button__content">Yes</div></button><button data-testid="button" class="oct-button oct-button--default oct-button--default-default oct-button--default-default-responsive oct-add-to-basket__button-tertiary oct-add-to-basket__button button" role="button"><div class="oct-button__content">No</div></button></div></div></div></div></div></div></div><div id="entitledItem_3013124" style="display: none;">[ { "catentry_id" : 3013125, "Attributes" : { }, "ItemImage" :
          "/wcsstore/eBootsStorefrontAssetStore/images/NoImageIcon.jpg",
          "ItemImage467" :
          "/wcsstore/eBootsStorefrontAssetStore/images/NoImageIcon.jpg",
          "ItemThumbnailImage" :
          "/wcsstore/eBootsStorefrontAssetStore/images/NoImageIcon_sm.jpg" } ]</div></div></div></div></div></div></div><div data-testid="row" class="oct-grid__row oct-listers-hits__bottom"><div data-testid="cell" class="oct-grid__cell oct-grid__cell--width-12 oct-listers-hits__bottom__cell"><div class="oct-listers__pagination oct-listers__pagination-bottom"><div>Showing 48 of 285</div><div class="oct-progress-bar oct-listers__pagination-bottom__progress"><div class="oct-progress-bar__indicator" data-testid="progress-bar" role="progressbar" aria-valuenow="48" aria-valuemin="0" aria-valuemax="285" aria-label="Your progress is:" style="width: 16.8421%;"></div></div><div><button data-testid="button" class="oct-button oct-button--default oct-button--default-default oct-button--default-default-responsive oct-button oct-button--ellipses oct-button--cta oct-button--cta-default oct-button--cta-default-secondaryTransparent oct-listers__pagination-bottom__button oct-button--cta-midnight-blue-secondary" aria-label="view 24 more products" role="button"><div class="oct-button__content"><div class="oct-button__content">View more</div></div></button></div></div></div></div></div></div></div></div><button data-testid="button" class="oct-button oct-button--default oct-button--default-default oct-button--default-default-responsive oct-back-to-top" aria-label="Back to top"><div class="oct-button__content"><span class="oct-back-to-top__icon"></span></div></button><div class="oct-login-modal"></div></div></div></div></div></div></div></div></div></div></div>  <div id="oct-basket"></div> <script>var gtm_switch,breadcrumb;null!=document.getElementById("gtm_switch")&&"true"==(gtm_switch=document.getElementById("gtm_switch").value)&&(gtm_templateID="HomePage",breadcrumb=gtm_categoryTree=gtm_category="",(breadcrumb=null!=document.getElementById("dl_productBreadcrumb")?document.getElementById("dl_productBreadcrumb").value:breadcrumb).split("|").forEach(function(e){""!=e&&gtm_categoryBreadcrumb.push(e)}))</script> <div id="footerWrapper"> <div class="mobile-app-footer">  </div> <div class="global-footer"> <script type="text/javascript">dojo.addOnLoad(function(){console.log("Updating requestSubmitted to false..."),requestSubmitted=!1}),document.addEventListener("DOMContentLoaded",function(){console.log("DOMContentLoaded: Updating requestSubmitted to false..."),requestSubmitted=!1})</script> <input type="hidden" id="bdcCookie" value="" autocomplete="off" style="">  <script>$(document).ready(function(){var e,t;for(null!=getCookie("deferredAddtoBag")&&null!=(t=getCookie("deferredAddtoBag").split("|"))[2]&&"Y"==t[2]&&(e=t[1],t="entitledItem_"+t[0],setCurrentId("add2CartBtn"),shoppingActionsJS.Add2ShopCartAjax(t,e,!1),document.cookie="deferredAddtoBag=; expires=-1; path=/"),passed_args=(passed_args=location.search.substring(1,location.search.length)).replace(/\%20|\%3C|\%3E/g," "),argumentA=passed_args.split("&"),x=0;x<argumentA.length;x++){var a=argumentA[x].split("=");switch(a[0]){case"fa_label":faqtAgent_lightbox(a[1],"label");break;case"fa_category":faqtAgent_lightbox(a[1],"category");break;case"fa_form":formAgent_lightbox(a[1]);break;case"fa_question":faqtAgent_lightbox(a[1],"question")}}})</script> <script type="text/javascript" src="https://www.boots.com/wcsstore/eBootsStorefrontAssetStore/javascript/generated/Footer.min.js"></script> <div id="footer" role="navigation" aria-label="Content Information"> <div id="estore_footer"> <div class="row"> <div class="acol12 col3 ccol2 spacer_col">&nbsp;</div> <div class="acol12 col3 ccol2"> <div class="footer-section"> <h3 class="show_all">shopping with us</h3> <h3 class="mobile_show" onclick="openCloseDropdown(&quot;footer_sec_1_arrow&quot;,&quot;footer_sec_1_show&quot;,this,!0)"> <span class="dropdown_arrow" id="footer_sec_1_arrow" aria-hidden="true" data-icon="5"></span> shopping with us </h3> <div id="footer_sec_1_show" style="display:none"> <ul> <li> <a href="https://www.boots.com/brands" onclick="analyticsJS.footerObjectEventGtm(&quot;shopping with us:A-Z Brands&quot;)" title="A-Z Brands">A-Z Brands</a> </li> <li> <a href="https://www.boots.com/store-a-z" onclick="analyticsJS.footerObjectEventGtm(&quot;shopping with us:A-Z Store&quot;)" title="A-Z Store">A-Z Store</a> </li> <li> <a href="https://www.boots.com/advantage-card" onclick="analyticsJS.footerObjectEventGtm(&quot;shopping with us:Boots Advantage Card&quot;)" title="Boots Advantage Card">Boots Advantage Card</a> </li> <li> <a href="https://www.boots.com/app" onclick="analyticsJS.footerObjectEventGtm(&quot;shopping with us:Boots app&quot;)" title="Boots app">Boots app</a> </li> <li> <a href="https://www.boots.com/site-map" onclick="analyticsJS.footerObjectEventGtm(&quot;shopping with us:sitemap&quot;)" title="sitemap">sitemap</a> </li> </ul> </div> </div> </div> <div class="acol12 col3 ccol2"> <div class="footer-section"> <h3 class="show_all">customer services</h3> <h3 class="mobile_show" onclick="openCloseDropdown(&quot;footer_sec_2_arrow&quot;,&quot;footer_sec_2_show&quot;,this,!0)"> <span class="dropdown_arrow" id="footer_sec_2_arrow" aria-hidden="true" data-icon="5"></span> customer services </h3> <div id="footer_sec_2_show" style="display:none"> <ul> <li> <a href="https://www.boots.com/#" onclick="analyticsJS.footerObjectEventGtm(&quot;customer services:help &amp; FAQs&quot;)" class="synthetix_link" syn-trigger="FOOTER_FAQS" title="help &amp; FAQs">help &amp; FAQs</a> </li> <li> <a href="https://www.boots.com/#" onclick="analyticsJS.footerObjectEventGtm(&quot;customer services:delivery information&quot;)" class="synthetix_link" syn-category="Receiving a delivery" syn-trigger="FOOTER_DELIVERY" title="delivery information">delivery information</a> </li> <li> <a href="https://www.boots.com/#" onclick="analyticsJS.footerObjectEventGtm(&quot;customer services:returns &amp; exchange&quot;)" class="synthetix_link" syn-category="How to return items" syn-trigger="FOOTER_RETURNS" title="returns &amp; exchange">returns &amp; exchange</a> </li> <li> <a href="https://www.boots.com/product-recall" onclick="analyticsJS.footerObjectEventGtm(&quot;customer services:product recall&quot;)" title="product recall">product recall</a> </li> <li> <a href="https://www.boots.com/contact-us" onclick="analyticsJS.footerObjectEventGtm(&quot;customer services:contact us&quot;)" title="contact us">contact us</a> </li> </ul> </div> </div> </div> <div class="acol12 col3 ccol2"> <div class="footer-section"> <h3 class="show_all">about Boots</h3> <h3 class="mobile_show" onclick="openCloseDropdown(&quot;footer_sec_3_arrow&quot;,&quot;footer_sec_3_show&quot;,this,!0)"> <span class="dropdown_arrow" id="footer_sec_3_arrow" aria-hidden="true" data-icon="5"></span> about Boots </h3> <div id="footer_sec_3_show" style="display:none"> <ul> <li> <a href="http://www.boots-uk.com/" onclick="analyticsJS.footerObjectEventGtm(&quot;about Boots:company information&quot;)" title="company information">company information</a> </li> <li> <a href="https://www.boots-uk.com/environmental-social-governance/" onclick="analyticsJS.footerObjectEventGtm(&quot;about Boots:environmental, social &amp; governance&quot;)" title="environmental, social &amp; governance">environmental, social &amp; governance</a> </li> <li> <a href="http://www.walgreensbootsalliance.com/modern-slavery-and-human-trafficking-statement/" onclick="analyticsJS.footerObjectEventGtm(&quot;about Boots:modern slavery &amp; human trafficking&quot;)" title="modern slavery &amp; human trafficking">modern slavery &amp; human trafficking</a> </li> <li> <a href="https://www.boots.jobs/" onclick="analyticsJS.footerObjectEventGtm(&quot;about Boots:careers&quot;)" title="careers">careers</a> </li> <li> <a href="https://www.boots.com/privacypolicy" onclick="analyticsJS.footerObjectEventGtm(&quot;about Boots:privacy &amp; cookies&quot;)" title="privacy &amp; cookies">privacy &amp; cookies</a> </li> <li> <a href="https://www.boots.com/#" onclick="analyticsJS.footerObjectEventGtm(&quot;about Boots:terms &amp; conditions&quot;)" class="synthetix_link" syn-category="About Boots-Terms and conditions" syn-trigger="T_AND_C_FOOTER" title="terms &amp; conditions">terms &amp; conditions</a> </li> <li> <a href="https://www.boots.com/information/accessibility" onclick="analyticsJS.footerObjectEventGtm(&quot;about Boots:accessibility&quot;)" title="accessibility">accessibility</a> </li> </ul> </div> </div> </div> <div class="acol12 col3 ccol2"> <div class="footer-section"> <div id="footer_sec_4_show" style="display:none"> <ul> </ul> </div> </div> </div> <div class="acol12 col3 ccol2 spacer_col">&nbsp;</div> </div> <div id="estore_partnerSitesLogo"> <div> <h4>Our partner sites</h4> <img src="https://www.boots.com/eBootsStorefrontAssetStore/Footer_Updated_Images/BlankImage-379px-317px.jpg" alt="" title="" border="0"> <a href="/health-pharmacy-advice/macmillan" onclick="analyticsJS.footerObjectEventGtm(&quot;Our partner sites :Boots Macmillan&quot;)"> <img src="//www.boots.com/wcsstore/eBootsStorefrontAssetStore/Footer_Updated_Images/Boots_Macmillian_2019.png" alt="Boots Macmillan" title="Boots Macmillan" border="0"> </a> <a href="https://www.boots.com/the-hygiene-bank" onclick="analyticsJS.footerObjectEventGtm(&quot;Our partner sites :&quot;)"> <img src="//www.boots.com/wcsstore/eBootsStorefrontAssetStore/Footer_Updated_Images/hgienebank_x_boots_logov3.png" alt="" title="" border="0"> </a> </div> </div> </div> </div> <div id="estore_footer_copyright"> <div id="payment-providers"> <style>#payment-providers{margin-bottom:15px}#payment-providers h2{font-family:F37 Ginger Bold,Tahoma,Arial,sans-serif;font-size:1.2em;color:#004990}</style> <h2>We accept</h2> <svg width="30" height="19" viewBox="0 0 30 19" fill="none" role="img" aria-label="Visa payments"> <g clip-path="url(#clip0_1517_12506)"> <rect x="0.5" y="0.5" width="29" height="18" rx="1.5" fill="white" stroke="#D0D0D0"></rect> <path fill-rule="evenodd" clip-rule="evenodd" d="M20.165 10.8467C20.165 9.60925 19.1747 9.07475 18.3895 8.65097C17.8738 8.37263 17.4466 8.14206 17.4466 7.79146C17.4466 7.51005 17.7184 7.22864 18.2621 7.14824C18.534 7.10804 19.3107 7.06784 20.165 7.51005L20.5146 5.86181C20.0485 5.70101 19.466 5.5 18.6893 5.5C16.7864 5.5 15.4272 6.54523 15.4272 8.07286C15.4272 9.19849 16.3981 9.80151 17.1359 10.1633C17.8738 10.5251 18.1456 10.7663 18.1456 11.1281C18.1456 11.6508 17.5631 11.892 16.9806 11.892C16.0247 11.892 15.4452 11.6192 15.0199 11.4189L15 11.4095L14.6505 13.098C15.1165 13.299 15.932 13.5 16.7864 13.5C18.8058 13.5 20.1262 12.4548 20.165 10.8467ZM12.1262 5.6206L12.1099 5.6608H10.068L8.04854 10.9271L7.23301 6.42462C7.15534 5.90201 6.76699 5.6206 6.33981 5.6206H3.03883L3 5.86181C3.66019 5.98241 4.43689 6.26382 4.90291 6.50503C5.17476 6.66583 5.29126 6.82663 5.36893 7.18844L6.92233 13.3794H8.98058L12.1099 5.6608H12.1262V5.6206ZM27 13.3794H25.2136L24.9417 12.2136H22.4563L22.068 13.3794H20.0485L22.9612 6.18342C23.0777 5.86181 23.3883 5.6206 23.7767 5.6206H25.4466L27 13.3794ZM23.0388 10.6457L24.0485 7.75126L24.6311 10.6457H23.0388ZM13.2913 13.3794L14.8835 5.6206H12.9417L11.3495 13.3794H13.2913Z" fill="#1434CB"></path> </g> <defs> <clipPath id="clip0_1517_12506"> <rect width="30" height="19" fill="white"></rect> </clipPath> </defs> </svg> <svg width="30" height="19" viewBox="0 0 30 19" fill="none" role="img" aria-label="Master card payments"> <g clip-path="url(#clip0_1517_12503)"> <rect x="0.5" y="0.5" width="29" height="18" rx="1.5" fill="white" stroke="#D0D0D0"></rect> <rect x="12.3584" y="5.01489" width="4.93529" height="8.93273" fill="#FF5F00"></rect> <path d="M12.6714 9.48207C12.6696 7.73868 13.464 6.09131 14.8257 5.01491C12.5132 3.18451 9.19222 3.45112 7.19678 5.62739C5.20133 7.80365 5.20133 11.1589 7.19678 13.3352C9.19222 15.5114 12.5132 15.778 14.8257 13.9476C13.4645 12.8716 12.6701 11.2249 12.6714 9.48207Z" fill="#EB001B"></path> <path d="M23.9525 9.48207C23.9525 11.657 22.7194 13.641 20.777 14.5914C18.8346 15.5419 16.5238 15.2919 14.8262 13.9476C16.1868 12.8707 16.9813 11.2242 16.9813 9.48128C16.9813 7.73835 16.1868 6.09189 14.8262 5.01492C16.5238 3.67069 18.8346 3.4207 20.777 4.37113C22.7194 5.32157 23.9525 7.30556 23.9525 9.48049V9.48207Z" fill="#F79E1B"></path> <path fill-rule="evenodd" clip-rule="evenodd" d="M23.4144 12.8178V13.0009H23.3813V12.8178H23.3008V12.78H23.4886V12.8178H23.4144ZM23.7789 12.78V13.0009L23.7458 13.0025V12.8352L23.6842 12.9788H23.6416L23.5801 12.8352V13.0009H23.5391V12.78H23.5895L23.6558 12.9378L23.7221 12.78H23.7789Z" fill="#F79E1B"></path> </g> <defs> <clipPath id="clip0_1517_12503"> <rect width="30" height="19" fill="white"></rect> </clipPath> </defs> </svg> <svg width="30" height="19" viewBox="0 0 30 19" fill="none" role="img" aria-label="American Express payments"> <rect width="30" height="19" rx="2" fill="white"></rect> <path fill-rule="evenodd" clip-rule="evenodd" d="M26.1604 15.4533L27.4915 16.9227H30V17C30 18.1046 29.1046 19 28 19H2C0.89543 19 0 18.1046 0 17V2C0 0.895431 0.895431 0 2 0H28C29.1046 0 30 0.895431 30 2V2.432H26.8771L26.1604 4.408L25.4437 2.432H21.3481V5.06667L20.1706 2.432H16.8942L13.5154 10.0827H16.2287V16.9227H22.0648H24.7782L26.1604 15.4533Z" fill="#0071CE"></path> <path d="M27.8501 16.112H30.0003L27.1846 13.1227L30.0003 10.184H27.9013L26.1095 12.1094L24.3689 10.184H22.2188L25.0856 13.1734L22.2188 16.112H24.3177L26.1095 14.1867L27.8501 16.112Z" fill="#0071CE"></path> <path d="M18.7886 14.744V13.832H22.1675V12.464H18.7886V11.552H22.2186V10.184H17.1504V16.112H22.2186V14.744H18.7886Z" fill="#0071CE"></path> <path d="M28.4133 9.32266H29.9491V3.34399L27.4918 3.39466L26.1607 7.09333L24.7785 3.39466H22.2188V9.32266H23.857V5.16799L25.3928 9.32266H26.8263L28.4133 5.16799V9.32266Z" fill="#0071CE"></path> <path fill-rule="evenodd" clip-rule="evenodd" d="M17.5088 3.39465H19.6078L22.2699 9.32265H20.4269L19.9149 8.15732H17.1504L16.6385 9.32265H14.8467L17.5088 3.39465ZM18.5327 4.86399L17.7136 6.78932H19.3518L18.5327 4.86399Z" fill="#0071CE"></path> <path d="M28.5156 12.9706L30.0003 14.592V11.3493L28.5156 12.9706Z" fill="#0071CE"></path> </svg> <svg width="30" height="19" viewBox="0 0 30 19" fill="none" role="img" aria-label="PayPal payments"> <g clip-path="url(#clip0_1517_12505)"> <rect x="0.5" y="0.5" width="29" height="18" rx="1.5" fill="white" stroke="#D0D0D0"></rect> <path fill-rule="evenodd" clip-rule="evenodd" d="M14.4188 4.61847H17.0963C18.5339 4.61847 19.0751 5.30846 18.9914 6.32215C18.8532 7.99568 17.7861 8.92156 16.3706 8.92156H15.6559C15.4617 8.92156 15.3311 9.04344 15.2786 9.37369L14.9751 11.2936C14.9551 11.4181 14.886 11.4902 14.7823 11.5H13.1C12.9418 11.5 12.8858 11.3853 12.9273 11.137L13.9529 4.98214C13.993 4.73576 14.1354 4.61847 14.4188 4.61847Z" fill="#009EE3"></path> <path fill-rule="evenodd" clip-rule="evenodd" d="M12.7444 2.5H15.4246C16.1794 2.5 17.0751 2.52293 17.6737 3.02421C18.0738 3.35905 18.2839 3.89177 18.2356 4.46578C18.0711 6.40601 16.847 7.49308 15.2049 7.49308H13.8834C13.6581 7.49308 13.5095 7.63462 13.4459 8.01729L13.0768 10.2452C13.0526 10.3893 12.9869 10.4745 12.8695 10.485H11.2155C11.0324 10.485 10.9674 10.354 11.0151 10.0643L12.2039 2.9233C12.2516 2.63629 12.4181 2.5 12.7444 2.5Z" fill="#113984"></path> <path fill-rule="evenodd" clip-rule="evenodd" d="M13.4844 7.79122L13.9523 4.98212C13.9931 4.73574 14.1354 4.6178 14.4188 4.6178H17.0963C17.5394 4.6178 17.8981 4.68332 18.1787 4.80455C17.9098 6.53181 16.7314 7.49111 15.1888 7.49111H13.8693C13.6924 7.49177 13.5625 7.57564 13.4844 7.79122Z" fill="#172C70"></path> <path fill-rule="evenodd" clip-rule="evenodd" d="M9.83654 12.5C10.3054 12.5 10.738 12.7658 10.6788 13.4282C10.6071 14.2155 10.2035 14.6511 9.56679 14.653H9.01042C8.93042 14.653 8.89168 14.7212 8.87088 14.861L8.76326 15.5759C8.74712 15.6839 8.69403 15.7371 8.61583 15.7371H8.0982C8.0157 15.7371 7.987 15.682 8.00529 15.5587L8.43252 12.6934C8.45369 12.5525 8.50427 12.5 8.59646 12.5H9.83547H9.83654ZM8.99356 14.034H9.41505C9.67871 14.0235 9.85376 13.8327 9.87134 13.4886C9.8821 13.276 9.74471 13.1238 9.52625 13.1249L9.12951 13.1268L8.99356 14.034ZM12.0861 15.5178C12.1334 15.4728 12.1815 15.4496 12.1747 15.5051L12.1578 15.6378C12.1492 15.7071 12.1754 15.7439 12.2371 15.7439H12.697C12.7744 15.7439 12.8121 15.7113 12.8311 15.586L13.1145 13.7274C13.1288 13.634 13.107 13.5883 13.0392 13.5883H12.5334C12.4878 13.5883 12.4656 13.6149 12.4537 13.6876L12.4351 13.802C12.4254 13.8616 12.3992 13.8721 12.3748 13.8121C12.2891 13.5999 12.0703 13.5047 11.765 13.5122C11.0558 13.5276 10.5777 14.0903 10.5264 14.8115C10.4869 15.3694 10.8693 15.8076 11.3736 15.8076C11.7395 15.8076 11.9031 15.6951 12.0875 15.5189L12.0861 15.5178ZM11.7008 15.2318C11.3955 15.2318 11.1828 14.9772 11.2269 14.6653C11.2711 14.3534 11.5566 14.0989 11.8619 14.0989C12.1671 14.0989 12.3798 14.3534 12.3357 14.6653C12.2916 14.9772 12.0064 15.2318 11.7008 15.2318ZM14.0145 13.5823H13.5482C13.4521 13.5823 13.413 13.6573 13.4434 13.7495L14.0224 15.5212L13.4546 16.3643C13.4069 16.4348 13.4438 16.4989 13.5109 16.4989H14.035C14.0973 16.5064 14.1582 16.4752 14.1907 16.419L15.9713 13.7499C16.0262 13.6678 16.0004 13.5815 15.9103 13.5815H15.4142C15.3292 13.5815 15.2951 13.6168 15.2464 13.6906L14.5038 14.8153L14.172 13.688C14.1526 13.6198 14.1042 13.5823 14.0149 13.5823H14.0145Z" fill="#113984"></path> <path fill-rule="evenodd" clip-rule="evenodd" d="M17.7276 12.5007C18.1687 12.5007 18.5757 12.7417 18.5201 13.3424C18.4526 14.0563 18.0729 14.4513 17.4738 14.453H16.9507C16.8754 14.453 16.839 14.5148 16.8194 14.6416L16.7181 15.2899C16.7029 15.3878 16.653 15.4361 16.5794 15.4361H16.0924C16.0148 15.4361 15.9878 15.3861 16.005 15.2743L16.4076 12.6754C16.4275 12.5476 16.4751 12.5 16.5619 12.5H17.7276V12.5007ZM16.9345 13.8917H17.331C17.5791 13.8822 17.7438 13.7092 17.7603 13.3971C17.7705 13.2044 17.6412 13.0663 17.4357 13.0674L17.0624 13.0691L16.9345 13.8917ZM19.8441 15.2372C19.8886 15.1964 19.9339 15.1754 19.9274 15.2257L19.9116 15.346C19.9035 15.4089 19.9281 15.4422 19.9862 15.4422H20.4189C20.4918 15.4422 20.5272 15.4126 20.5451 15.2991L20.8117 13.6137C20.8252 13.529 20.8046 13.4875 20.7408 13.4875H20.2656C20.2228 13.4875 20.2018 13.5117 20.1907 13.5776L20.1732 13.6813C20.164 13.7354 20.1394 13.7449 20.1165 13.6905C20.0358 13.4981 19.8299 13.4117 19.5427 13.4185C18.8754 13.4325 18.4256 13.9427 18.3773 14.5968C18.3402 15.1026 18.6999 15.5 19.1745 15.5C19.5187 15.5 19.6726 15.398 19.8461 15.2382L19.8441 15.2372ZM19.4819 14.9778C19.1947 14.9778 18.9946 14.747 19.0361 14.4642C19.0776 14.1814 19.3463 13.9505 19.6335 13.9505C19.9207 13.9505 20.1208 14.1814 20.0793 14.4642C20.0378 14.747 19.7692 14.9778 19.4819 14.9778ZM21.4776 15.4449H20.9781C20.9605 15.4457 20.9435 15.4386 20.9317 15.4254C20.9199 15.4123 20.9145 15.3945 20.917 15.3769L21.3558 12.5772C21.3644 12.5378 21.3988 12.5097 21.4388 12.5092H21.9383C21.9559 12.5084 21.9729 12.5155 21.9847 12.5287C21.9965 12.5418 22.0019 12.5596 21.9994 12.5772L21.5606 15.3769C21.5523 15.4166 21.5178 15.4451 21.4776 15.4456V15.4449Z" fill="#009EE3"></path> </g> <defs> <clipPath id="clip0_1517_12505"> <rect width="30" height="19" fill="white"></rect> </clipPath> </defs> </svg> <svg width="30" height="19" viewBox="0 0 30 19" fill="none" role="img" aria-label="Apple Pay payments"> <g clip-path="url(#clip0_1517_12507)"> <rect x="0.5" y="0.5" width="29" height="18" rx="1.5" fill="white" stroke="black"></rect> <path d="M8.21349 6.39051C8.47036 6.07266 8.64467 5.64589 8.5987 5.20978C8.22268 5.22827 7.76382 5.45519 7.49816 5.77329C7.25963 6.04569 7.04851 6.49033 7.10355 6.90816C7.52565 6.94438 7.94736 6.69943 8.21349 6.39051Z" fill="black"></path> <path d="M8.59374 6.98972C7.98074 6.9536 7.45955 7.3339 7.16681 7.3339C6.87392 7.3339 6.42564 7.00793 5.9408 7.01671C5.30974 7.02588 4.7242 7.37886 4.40396 7.94027C3.74529 9.06336 4.23014 10.7293 4.87066 11.644C5.18171 12.0965 5.55658 12.5948 6.05052 12.5769C6.51722 12.5588 6.70015 12.2779 7.26744 12.2779C7.83431 12.2779 7.99909 12.5769 8.49312 12.5678C9.00543 12.5588 9.32573 12.1151 9.63677 11.6621C9.99361 11.1463 10.1397 10.6481 10.1489 10.6208C10.1397 10.6117 9.16097 10.2403 9.1519 9.12656C9.14266 8.19399 9.92029 7.75041 9.95689 7.7229C9.51775 7.08038 8.83161 7.00793 8.59374 6.98972Z" fill="black"></path> <path fill-rule="evenodd" clip-rule="evenodd" d="M16.1909 7.95899C16.1909 6.63621 15.2631 5.72766 13.9308 5.72766H11.3564V12.5205H12.4222V10.1998H13.8974C15.244 10.1998 16.1909 9.2865 16.1909 7.95899ZM13.6452 9.31473H12.4222V6.61742H13.6499C14.5731 6.61742 15.1012 7.10701 15.1012 7.96371C15.1012 8.82051 14.5731 9.31473 13.6452 9.31473Z" fill="black"></path> <path fill-rule="evenodd" clip-rule="evenodd" d="M18.3304 9.64895C17.1407 9.71487 16.4697 10.2468 16.4697 11.113C16.4697 12.0027 17.155 12.6052 18.1352 12.6052C18.7919 12.6052 19.4248 12.2569 19.715 11.7061H19.7387V12.5205H20.7237V9.1076C20.7237 8.11433 19.9481 7.47882 18.7348 7.47882C17.4975 7.47882 16.7267 8.13785 16.6696 9.03233H17.6403C17.7307 8.58977 18.1018 8.30738 18.6968 8.30738C19.3247 8.30738 19.7007 8.63689 19.7007 9.18769V9.56896L18.3304 9.64895ZM19.7007 10.2751V10.6658C19.7007 11.3107 19.1392 11.8003 18.4207 11.8003C17.8687 11.8003 17.5071 11.5178 17.5071 11.0848C17.5071 10.6611 17.8544 10.3928 18.4682 10.3504L19.7007 10.2751Z" fill="black"></path> <path d="M21.6531 14.3424V13.5185C21.7291 13.5373 21.9004 13.5373 21.9861 13.5373C22.4619 13.5373 22.7189 13.3397 22.8758 12.8313C22.8758 12.8218 22.9663 12.53 22.9663 12.5253L21.1582 7.5683H22.2715L23.5374 11.5979H23.5563L24.8222 7.5683H25.9071L24.0321 12.7794C23.6041 13.9799 23.1092 14.3659 22.0718 14.3659C21.9861 14.3659 21.7291 14.3564 21.6531 14.3424Z" fill="black"></path> </g> <defs> <clipPath id="clip0_1517_12507"> <rect width="30" height="19" fill="white"></rect> </clipPath> </defs> </svg> <svg width="30" height="19" viewBox="0 0 30 19" fill="none" role="img" aria-label="Klarna payments"> <path d="M0 2C0 0.895431 0.895431 0 2 0H28C29.1046 0 30 0.895431 30 2V17C30 18.1046 29.1046 19 28 19H2C0.89543 19 0 18.1046 0 17V2Z" fill="#FFA8CD"></path> <g clip-path="url(#clip0_1517_12510)"> <path d="M7.71052 7H6.60263C6.60449 7.44199 6.50184 7.87821 6.30298 8.27337C6.10413 8.66854 5.81465 9.01156 5.45797 9.27469L5.01953 9.60139L6.71672 11.908H8.11501L6.55171 9.78539C6.92078 9.42086 7.2133 8.98685 7.41225 8.50864C7.6112 8.03044 7.71259 7.5176 7.71052 7Z" fill="black"></path> <path d="M3.75 11.908H4.88429V7H3.75V11.908Z" fill="black"></path> <path d="M8.44434 11.9061H9.51262V7.00092H8.44434V11.9061Z" fill="black"></path> <path d="M18.8822 8.42229C18.4749 8.42229 18.0893 8.54809 17.8319 8.89168V8.51335H16.8154V11.9061H17.8441V10.1224C17.8441 9.6061 18.1911 9.35357 18.6097 9.35357C19.0585 9.35357 19.316 9.62018 19.316 10.1149V11.9061H20.3352V9.74692C20.3352 8.9574 19.7044 8.42041 18.8822 8.42041V8.42229Z" fill="black"></path> <path d="M11.8124 11.0828C11.5736 11.0888 11.3422 11.0003 11.1689 10.8366C10.9957 10.6729 10.8948 10.4474 10.8883 10.2097C10.9014 9.97438 11.0045 9.75298 11.1765 9.591C11.3484 9.42902 11.5761 9.33875 11.8128 9.33875C12.0495 9.33875 12.2773 9.42902 12.4492 9.591C12.6211 9.75298 12.7242 9.97438 12.7373 10.2097C12.7309 10.4476 12.6299 10.6732 12.4564 10.8369C12.283 11.0007 12.0513 11.0891 11.8124 11.0828ZM12.7402 8.51331V8.73017C12.5075 8.57235 12.2409 8.47113 11.9617 8.43465C11.6826 8.39818 11.3988 8.42748 11.1331 8.52018C10.8674 8.61289 10.6273 8.76641 10.4321 8.96839C10.2369 9.17038 10.0921 9.41517 10.0092 9.68308C9.92643 9.95098 9.90795 10.2345 9.9553 10.5108C10.0026 10.7871 10.1145 11.0485 10.2818 11.2739C10.4492 11.4993 10.6674 11.6824 10.9188 11.8086C11.1702 11.9347 11.4479 12.0002 11.7294 12C12.0896 12.0021 12.4421 11.8954 12.7402 11.6939V11.9108H13.7613V8.51331H12.7402Z" fill="black"></path> <path d="M15.3396 8.95548V8.51331H14.2949V11.9061H15.3415V10.3224C15.3415 9.78724 15.9233 9.49997 16.3278 9.49997H16.3391V8.51331C15.9252 8.51331 15.5442 8.6898 15.3396 8.95548Z" fill="black"></path> <path d="M22.577 11.0828C22.3383 11.0888 22.1069 11.0003 21.9336 10.8366C21.7603 10.6729 21.6594 10.4474 21.653 10.2097C21.6661 9.97438 21.7692 9.75299 21.9411 9.591C22.1131 9.42902 22.3408 9.33875 22.5775 9.33875C22.8142 9.33875 23.0419 9.42902 23.2139 9.591C23.3858 9.75299 23.4889 9.97438 23.502 10.2097C23.4956 10.4476 23.3945 10.6732 23.2211 10.8369C23.0476 11.0007 22.816 11.0891 22.577 11.0828ZM23.5058 8.51331V8.73017C23.2355 8.54687 22.9202 8.4404 22.5938 8.42223C22.2673 8.40405 21.942 8.47486 21.6529 8.62704C21.3639 8.77922 21.1219 9.007 20.9532 9.28587C20.7845 9.56474 20.6953 9.88414 20.6953 10.2097C20.6953 10.5353 20.7845 10.8547 20.9532 11.1336C21.1219 11.4124 21.3639 11.6402 21.6529 11.7924C21.942 11.9446 22.2673 12.0154 22.5938 11.9972C22.9202 11.979 23.2355 11.8726 23.5058 11.6892V11.9061H24.526V8.51331H23.5058Z" fill="black"></path> <path d="M25.6099 10.7026C25.483 10.7024 25.359 10.7397 25.2534 10.8097C25.1478 10.8797 25.0655 10.9794 25.0169 11.096C24.9682 11.2126 24.9553 11.341 24.98 11.4649C25.0046 11.5888 25.0656 11.7027 25.1552 11.792C25.2449 11.8814 25.3591 11.9423 25.4835 11.967C25.6079 11.9917 25.7369 11.9791 25.8541 11.9308C25.9713 11.8825 26.0715 11.8007 26.142 11.6957C26.2125 11.5907 26.2501 11.4673 26.2501 11.341C26.2502 11.2572 26.2337 11.1742 26.2016 11.0967C26.1695 11.0193 26.1224 10.9489 26.0629 10.8896C26.0035 10.8303 25.9328 10.7833 25.8551 10.7512C25.7774 10.7191 25.694 10.7026 25.6099 10.7026Z" fill="black"></path> </g> <defs> <clipPath id="clip0_1517_12510"> <rect width="22.5" height="5" fill="white" transform="translate(3.75 7)"></rect> </clipPath> </defs> </svg> <svg width="30px" height="19px" viewBox="0 0 30 19" version="1.1" role="img" aria-label="Boots gift card"><g id="WIP-/-Basket-&amp;-Checkout-/-Z-/-Payment-/-Payment-Card-/-Gift-Card" stroke="none" stroke-width="1" fill="none" fill-rule="evenodd"><g id="Group"><rect id="Rectangle" stroke="#05054B" fill="#FFFFFF" x="0.5" y="0.5" width="29" height="18" rx="2"></rect><polygon id="Path" fill="#05054B" fill-rule="nonzero" points="15.5 0 15.5 19 14.5 19 14.5 0"></polygon><polygon id="Line-11" fill="#05054B" fill-rule="nonzero" points="30 9.5 30 10.5 0 10.5 0 9.5"></polygon><g id="Group-7" transform="translate(7.713310, 2.800000)" fill-rule="nonzero"><path d="M9.80461637,0.0062766202 C8.88113603,0.0563174858 8.01855987,0.403505816 7.32976625,0.973496115 L7.28668997,1.01 L7.24339026,0.972845403 C6.49671073,0.355722213 5.54688995,0 4.53668997,0 C2.18947979,0 0.286689973,1.90278981 0.286689973,4.25 L0.291590904,4.45591634 C0.385983556,6.43457461 1.83346707,8.05870802 3.729091,8.42336614 L3.87768997,8.448 L0,12.1275236 L2.12169029,14.2492139 L7.32468997,9.315 L12.4457819,14.2551216 L14.5672074,12.1336961 L10.73669,8.438 L10.8738264,8.41421194 C12.8373103,8.0154373 14.28669,6.2959058 14.28669,4.25 C14.28669,1.90278981 12.3839002,0 10.03669,0 L9.80461637,0.0062766202 Z" id="Path" fill="#FFFFFF"></path><path d="M10.03669,1 C11.8316154,1 13.28669,2.45507456 13.28669,4.25 C13.28669,6.04492544 11.8316154,7.5 10.03669,7.5 L10.03669,7.5 L8.32468997,7.5 L13.1402434,12.1464466 L12.4331366,12.8535534 L7.33068997,7.932 L2.14024336,12.8535534 L1.43313658,12.1464466 L6.33168997,7.5 L4.53668997,7.5 C2.74176454,7.5 1.28668997,6.04492544 1.28668997,4.25 C1.28668997,2.45507456 2.74176454,1 4.53668997,1 C5.69517455,1 6.71208754,1.60613999 7.28758623,2.51857724 C7.8612924,1.60613999 8.8782054,1 10.03669,1 Z M4.53668997,2 C3.29404929,2 2.28668997,3.00735931 2.28668997,4.25 C2.28668997,5.44086399 3.21185156,6.41564492 4.38264116,6.49480919 L4.53668997,6.5 L6.78668997,6.5 L6.78668997,4.25 C6.78668997,3.11326619 5.94372249,2.17341798 4.84880561,2.02147347 L4.69073878,2.00519081 L4.53668997,2 Z M10.03669,2 L9.88264116,2.00519081 L9.72457434,2.02147347 C8.62965746,2.17341798 7.78668997,3.11326619 7.78668997,4.25 L7.78668997,4.25 L7.78668997,6.5 L10.03669,6.5 L10.1907388,6.49480919 C11.3615284,6.41564492 12.28669,5.44086399 12.28669,4.25 C12.28669,3.00735931 11.2793307,2 10.03669,2 L10.03669,2 Z" id="Gift-Card" fill="#05054B"></path></g></g></g></svg> <svg width="30px" height="19px" viewBox="0 0 30 19" version="1.1" role="img" aria-label="Advantage Card payment"><defs><rect id="bootsAdvantageCardDefs" x="0" y="0" width="16.0555556" height="17" rx="1"></rect></defs><g id="WIP-/-Basket-&amp;-Checkout-/-Z-/-Payment-/-Payment-Card-/-Boots-Advantage-Card" stroke="none" stroke-width="1" fill="none" fill-rule="evenodd"><g id="Group"><rect id="Rectangle" stroke="#05054B" fill="#FFFFFF" x="0.5" y="0.5" width="29" height="18" rx="2"></rect><line x1="4" y1="5.5" x2="14" y2="5.5" id="Line-2" stroke="#E41B68"></line><line x1="4" y1="8.5" x2="14" y2="8.5" id="Line-2" stroke="#E41B68"></line><g id="Logo-Crop-/-Square-/-No-Background" transform="translate(13.000000, 1.000000)"><mask id="bootsAdvantageCardMask" fill="white"><use xlink:href="#bootsAdvantageCardDefs"></use></mask><use id="Mask" fill-opacity="0" fill="#FFFFFF" xlink:href="#bootsAdvantageCardDefs"></use><path d="M36.2688985,7.25359882 C36.2466034,6.34718376 35.7848465,5.4773888 34.9960723,5.07070235 C35.3075799,4.60406745 35.606763,4.13770382 35.8888439,3.68503881 C36.1861575,4.27550386 36.6267272,4.91337159 36.6267272,5.75264981 C36.6267272,6.28465835 36.4998116,6.8072406 36.2688985,7.25359882 M35.5050228,8.12522402 C35.1680223,8.36552021 34.7667578,8.5074172 34.3160002,8.5074172 C33.7150836,8.5074172 33.2029323,8.26684786 32.8858129,7.85167286 C33.4893198,7.13556426 34.0854762,6.33355268 34.6487306,5.5175426 C35.3033405,5.87761131 35.5712469,6.70809789 35.5715976,7.46019288 C35.5717369,7.69263625 35.5498956,7.91442711 35.5050228,8.12522402 M32.6462348,7.25359882 C32.6147838,7.11719006 32.5980503,6.97163437 32.5980503,6.81792596 C32.5980503,6.04454534 33.1563044,5.42109503 33.893587,5.42109503 C33.9425779,5.42109503 33.9902919,5.42314978 34.0368635,5.42699414 C33.5666451,6.08438093 33.0965611,6.70630675 32.6462348,7.25359882 M23.7660841,10.9186064 C23.5067539,10.9186064 23.3896459,10.7093678 23.3896459,10.3244102 C23.3896459,9.0809549 24.4947408,6.47214916 26.2687,4.93885719 C26.4650726,5.26510417 26.5530756,5.67759323 26.5550022,6.10797769 C26.5640846,8.16340248 24.6807237,10.9186064 23.7660841,10.9186064 M16.7585441,12.2688723 C16.5110839,12.2688723 16.3874217,12.0547441 16.3874217,11.6923992 C16.3874217,10.1110609 19.0760406,4.93885719 20.428592,4.93885719 C20.6843279,4.93885719 20.7997822,5.15298546 20.7997822,5.52359469 C20.7997822,7.12139398 18.1275792,12.2688723 16.7585441,12.2688723 M12.8542107,6.96425611 C12.5222199,6.6031797 12.1568035,6.31064126 11.7832195,6.08273021 C12.7128212,4.16997886 13.7459942,2.36329328 15.0383355,0.984506911 C15.4775352,1.43840802 15.7159756,2.05778819 15.7159756,2.79736709 C15.7159756,4.63897342 14.5009181,6.25486411 12.8542107,6.96425611 M7.68751565,15.8374323 C7.32443056,15.8374323 6.99513208,15.7901335 6.69941292,15.7068685 C8.32192997,13.9139903 9.53085477,11.0412457 10.851987,8.15682901 C11.4067368,8.17467636 11.9408968,8.10763004 12.4125965,8.02517936 C12.6768091,8.57254331 12.8383492,9.24171711 12.8383492,10.037451 C12.8383492,12.642214 10.8889519,15.8374323 7.68751565,15.8374323 M5.52545091,15.0658518 C5.02240072,14.5664533 4.7742728,13.9201355 4.78113379,13.3825394 C4.78453098,13.1158635 4.85134233,12.8687107 4.95998572,12.6546626 C5.12211816,13.0275845 5.51372729,13.3132178 5.98773486,13.3132178 C6.17164927,13.3132178 6.34737046,13.2724737 6.50757116,13.2012422 C6.18603735,13.8983487 5.86283826,14.5290338 5.52545091,15.0658518 M8.90559314,6.38750221 C8.90559314,6.02432958 9.32236671,5.9616772 9.76888105,6.01771236 C9.60809292,6.33139665 9.45240705,6.64733361 9.30128635,6.96425611 C9.04912759,6.7998816 8.90559314,6.59707091 8.90559314,6.38750221 M11.4844473,6.67491341 C11.6587525,6.81509021 11.8239557,6.97729196 11.9750613,7.161784 C11.7243821,7.21293228 11.4678859,7.24417851 11.2076942,7.25359882 C11.299124,7.06021719 11.3913751,6.8672336 11.4844473,6.67491341 M36.7092278,2.05470867 C36.7092278,1.83579388 36.5813406,1.69730515 36.3746,1.69730515 C36.031226,1.69730515 35.619742,2.11817413 35.619742,2.7500931 C35.619742,2.83927301 35.6299344,2.92770063 35.6481843,3.01599148 C35.2543992,3.62691488 34.8442926,4.2441985 34.4303982,4.84199112 C34.2885309,4.81381465 34.1396391,4.79883734 33.9839982,4.79883734 C32.9869328,4.79883734 31.9600477,5.5403163 31.9600477,6.88225506 C31.9600477,7.24752338 32.0240946,7.56724429 32.1347649,7.84429015 C31.2821837,8.8091976 30.5313889,9.43496152 30.0245921,9.43496152 C29.8236363,9.43496152 29.7040821,9.32683773 29.7040821,9.10238339 C29.7040821,8.86124201 29.8213637,8.47873954 30.0557891,7.94660084 L32.9854177,1.50396803 L36.1481632,1.13363889 L36.5076522,0.390039862 L33.4471063,0.48872591 L33.9772492,-0.67717828 L32.7896959,-0.53089314 L32.2523219,0.527229198 L27.9713039,0.665307598 L27.2015016,2.18129764 L31.6785169,1.65702373 L30.777384,3.43152608 C30.3182436,3.22546852 29.7592451,3.10872764 29.1112697,3.10872764 C28.13149,3.10872764 27.2200959,3.35021096 26.4013976,3.75664976 C26.0295124,3.57712732 25.6112794,3.49116172 25.184369,3.49116172 C24.149633,3.49116172 22.9787457,3.98507069 22.0280282,4.85067659 C21.8355432,4.26040681 21.4312902,3.90594404 20.8344145,3.90594404 C20.1383695,3.90594404 19.3994199,4.26984457 18.6925626,4.85573741 C18.2693711,4.51071238 17.6561049,4.41312057 17.0121238,4.65474067 C17.3583902,4.01153743 17.5499111,3.32675337 17.5499111,2.6472353 C17.5499111,1.45753156 16.9885711,0.584744767 15.9642341,0.0580772306 C16.3152523,-0.225192077 16.6843139,-0.478233225 17.0736226,-0.696053782 C16.9309289,-0.807665445 16.8391283,-0.877969851 16.7190921,-0.944444444 C16.2103669,-0.739002388 15.7296709,-0.49669839 15.2745248,-0.222661665 C14.6299928,-0.426667543 13.8598461,-0.53089314 12.9788915,-0.53089314 C8.89283779,-0.53089314 5.02695385,1.81260984 5.02695385,4.70781092 C5.02695385,5.98436932 5.75433367,6.44059567 6.47269183,6.44059567 C7.14511529,6.44059567 7.80238787,6.06568444 8.00988601,5.61294595 C7.42568198,5.49319593 7.07948444,4.98984922 7.07948444,4.35129646 C7.07948444,2.09704177 9.82902424,0.124415045 12.6504618,0.124415045 C13.2820468,0.124415045 13.8294755,0.241087532 14.2782858,0.456514455 C12.5644462,1.76788311 11.2494878,3.55004508 10.1628256,5.45729145 C10.003948,5.43294479 9.85085528,5.42097662 9.7059578,5.42097662 C8.89545476,5.42097662 8.30994224,5.76675393 8.30994224,6.4358768 C8.30994224,6.89094053 8.6075881,7.28014517 9.06376723,7.56245702 C8.39237678,8.95124259 7.80521144,10.339823 7.24070355,11.6037977 C7.04505063,11.220201 6.59871958,10.9697587 6.08255675,10.9697587 C4.83970278,10.9697587 3.9059267,12.0555104 3.9059267,13.3995008 C3.9059267,14.2759806 4.26417607,15.114983 4.88143656,15.7864311 C4.29860988,16.4331222 3.66082683,16.8172661 2.91657444,16.8344318 C2.67188778,16.8401082 2.43436336,16.7830713 2.22300863,16.6619535 C2.8073504,16.5981461 3.2857049,16.1675658 3.27262005,15.6079345 C3.2595352,15.0483033 2.78972029,14.6524648 2.14642783,14.6673738 C1.35727375,14.6855654 0.93139638,15.3406 0.944451645,15.913362 C0.969686778,16.9757929 1.87674222,17.5331673 3.06209173,17.5057432 C4.08512025,17.4820804 4.9657994,17.1191373 5.74868652,16.5086926 C6.49390306,16.9822899 7.42430463,17.2697994 8.46303496,17.2697994 C11.6073928,17.2697994 14.2744292,14.6115679 14.2744292,11.041978 C14.2744292,9.62433205 13.9064695,8.50028223 13.3555285,7.64158368 C14.3769731,7.28431693 15.2721145,6.71600019 15.9706387,6.02793343 C16.9471128,5.06596673 17.6746992,5.15466791 18.0895577,5.41598419 C16.4667611,7.08769712 15.1491858,9.78504737 15.1491858,11.5972323 C15.1491858,12.7197092 15.6013017,13.4514084 16.4721328,13.4514084 C19.0802873,13.4514084 22.196134,8.45535033 22.1569483,5.71053776 C22.9954805,4.78796341 24.1166454,4.23865895 25.0252159,4.23865895 C25.1980737,4.23865895 25.3548164,4.25883386 25.4965459,4.29624291 C23.45772,5.72797709 22.186768,8.17645795 22.186768,10.0599048 C22.186768,11.0577076 22.6807555,11.814369 23.6436626,11.814369 C25.4390415,11.814369 27.7778548,9.03720819 27.7778548,6.2678438 C27.7778548,5.41673647 27.5346143,4.77688432 27.1479915,4.32715497 C27.7759953,3.95593676 28.4661866,3.73052497 29.2040343,3.73052497 C29.6337683,3.73052497 30.0825097,3.83037364 30.4855919,4.00613465 L28.687114,7.54747972 C28.2684677,8.41219656 28.1068354,9.05136482 28.1068354,9.51696053 C28.1068354,10.2320411 28.5280298,10.5990192 29.1979051,10.5990192 C30.1734839,10.5990192 31.3231599,9.6995605 32.4693926,8.41356435 C32.9657216,9.02236767 33.7369701,9.29558372 34.3757861,9.29558372 C34.5790145,9.29558372 34.7882343,9.27575077 34.998074,9.23683714 C34.5153119,9.84187905 33.7115579,10.2979686 32.532682,10.5906073 L32.0059824,12.5146775 C34.0776582,11.8873406 35.3935807,10.411632 35.9529924,8.92388679 C36.9189985,8.45794913 37.7777778,7.56820174 37.7777778,6.33377127 C37.7777778,4.97015304 36.6264489,4.15529215 36.2078026,3.16583287 C36.517638,2.81663609 36.7092278,2.37901168 36.7092278,2.05470867 Z" id="Fill-1" fill="#05054B" mask="url(#bootsAdvantageCardMask)"></path></g></g></g></svg> </div> Copyright © The Boots Company PLC. All rights reserved. Boots.com is a trading name of Boots UK Limited. Registered office: Nottingham NG2 3AA.Registered in England: company number 928555. Registered VAT number 116300129. For details of Boots online pharmacy services see <a style="color:#333;text-decoration:underline" href="https://www.boots.com/boots-pharmacy-frequently-asked-questions-faqs" title="Pharmacy Services">Using Our Pharmacy Services</a> page. </div>  <script language="JavaScript" type="text/javascript" src="//cdn.synthetix.com/penfield/get_synthetix.min.js?applicationkey=539d44bfddfc2b4f27bcf9b324fa7ded&amp;consumerkey=dd06d0d80259f82ac8c7f11b9eb36639"></script> </div> </div> </div> <script data-chunk="main" data-reactroot="">__HEADERFOOTER_STATE__={cepDevMode:!1,config:{orchestrationUrl:"https://www.boots.com/api/checkout",siteid:"UK",synthetixKeys:{applicationKey:{ROI:"52fdcc8021ee1af3e2888bb827f8e4ad",UK:"539d44bfddfc2b4f27bcf9b324fa7ded"},consumerKey:"dd06d0d80259f82ac8c7f11b9eb36639"},aciWidgetUrl:"https://eu-prod.oppwa.com/v1/paymentWidgets.js?checkoutId=",adcardFlowNoRedirectSwitch:!0,adcardLinkingSwitch:!1,enableAPERedirectLinkFix:!0,enableApeAddressCheck:!1,enableCdnSynthetix:!0,enableGiftCard:!0,enableLoderOverlay:null,enableLoderOverlaySuperBasketOnly:!0,enableMaxBasketThreshold:!0,enableProductTileNew:!0,enableQuantitySelector:!0,enableSingleVariantInventoryCheck:!0,klarna:{clientID:{ROI:"klarna_live_client_Z1JtcTdzRHdCWE93a2x1M3JMT1VuTGNBYWxBSE1VNWksM2QyZTBiNGUtNWRiOC00NzVhLTk4MGYtMGNhNzcxY2MwMzA3LDEsWTlEQkFhY0JJUDVGeVM3NzFFOU9PMkpTQ0JVTUNEVk1wTmU1QWtmdXpmQT0",UK:"klarna_live_client_OGF1UGh3SE92R1MxWFo4TiVmI1RUMkV5MFRCTTBVTWUsMmI2ZWI4OTQtNDBmMi00OGZjLWEwOWItMWY5YWU4OGVmNzA0LDEsaGtuQk42eitQT05pK3FJS1lQdEFQbHZIMlZReGord2ZNc1FyNXY0Q2o3RT0"},dataEnvironment:"production",dataKey:"credit-promotion-badge",sourceUrl:"https://js.klarna.com/web-sdk/v1/klarna.js"},priceAdvantageSwitch:!0,cors:{pdc:{annualPdc:"10268598",oneOffPdc:"10268599"}}},region:"uk",publicPath:"https://www.boots.com",searchClientId:"9c5ed6f8b3d1ec6191ae260ae7daac",reqHostname:"",MFA_ENABLED:!1,searchDebounceTime:1e3}</script><script id="HF_MAIN__LOADABLE_REQUIRED_CHUNKS__" type="application/json" data-reactroot="">[]</script><script id="HF_MAIN__LOADABLE_REQUIRED_CHUNKS___ext" type="application/json" data-reactroot="">{"namedChunks":[]}</script><script async="" data-chunk="main" src="https://www.boots.com/headerfooter/assets/runtime-bundle-6e7bf25b.js" data-reactroot=""></script><script async="" data-chunk="main" src="https://www.boots.com/headerfooter/assets/677-bundle-7e994676.js" data-reactroot=""></script><script async="" data-chunk="main" src="https://www.boots.com/headerfooter/assets/134-bundle-e5359f09.js" data-reactroot=""></script><script async="" data-chunk="main" src="https://www.boots.com/headerfooter/assets/287-bundle-334a5c10.js" data-reactroot=""></script><script async="" data-chunk="main" src="https://www.boots.com/headerfooter/assets/736-bundle-a3c1eff8.js" data-reactroot=""></script><script async="" data-chunk="main" src="https://www.boots.com/headerfooter/assets/570-bundle-ac780d8f.js" data-reactroot=""></script><script async="" data-chunk="main" src="https://www.boots.com/headerfooter/assets/971-bundle-8193126a.js" data-reactroot=""></script><script async="" data-chunk="main" src="https://www.boots.com/headerfooter/assets/355-bundle-ba5a03e9.js" data-reactroot=""></script><script async="" data-chunk="main" src="https://www.boots.com/headerfooter/assets/843-bundle-feba3365.js" data-reactroot=""></script><script async="" data-chunk="main" src="https://www.boots.com/headerfooter/assets/124-bundle-852e50e5.js" data-reactroot=""></script><script async="" data-chunk="main" src="https://www.boots.com/headerfooter/assets/267-bundle-5ed4d499.js" data-reactroot=""></script><script async="" data-chunk="main" src="https://www.boots.com/headerfooter/assets/931-bundle-be90393d.js" data-reactroot=""></script><script async="" data-chunk="main" src="https://www.boots.com/headerfooter/assets/697-bundle-d98a3073.js" data-reactroot=""></script><script async="" data-chunk="main" src="https://www.boots.com/headerfooter/assets/354-bundle-a5f17b0f.js" data-reactroot=""></script><script async="" data-chunk="main" src="https://www.boots.com/headerfooter/assets/543-bundle-0a167a51.js" data-reactroot=""></script><script async="" data-chunk="main" src="https://www.boots.com/headerfooter/assets/main-bundle-25c40722.js" data-reactroot=""></script><script>__CMS__ = {"type":"boots/components/structure/page","order":["root"],"theme":"boots-v1","subtheme":"standard","seo":{"metaTitle":"All Skincare - Boots","metaDescription":"Shop All Skincare at Boots","noFollowFlag":false,"noIndexFlag":false,"pageName":"All Skincare - Boots","canonical":"https://www.boots.com/beauty/skincare/skincare-all-skincare","layoutName":null,"hrefLangs":[{"language":"en-gb","url":"https://www.boots.com/beauty/skincare/skincare-all-skincare"},{"language":"en-ie","url":"https://www.boots.ie/beauty/skincare/skincare-all-skincare"}]},"isCriteo":false,"categoryId":"","title":"shop all skincare ","id":"053c235a-d722-4dd6-a381-4b14b9f0f2bd","fragments":[{"type":"boots/components/content/grid","order":["grid","breadcrumb","grid_213659316"],"columnClassNames":{"grid_213659316":"aem-GridColumn aem-GridColumn--default--12","breadcrumb":"aem-GridColumn aem-GridColumn--default--12","grid":"aem-GridColumn aem-GridColumn--default--12"},"gridClassNames":"aem-Grid aem-Grid--12 aem-Grid--default--12","fullWidth":false,"additionalMargins":false,"columnCount":12,"id":"63d83285-37cc-47e6-8ae0-dfd3fa582349","fragments":[{"type":"boots/components/content/grid","order":["experiencefragment"],"columnClassNames":{"experiencefragment":"aem-GridColumn aem-GridColumn--default--12"},"gridClassNames":"aem-Grid aem-Grid--12 aem-Grid--default--12","fullWidth":false,"additionalMargins":false,"columnCount":12,"id":"f4754984-24de-44b4-957b-d9fd375bb0e5","fragments":[{"type":"boots/components/content/experiencefragment","order":["root"],"fragmentVariationPath":"/content/experience-fragments/boots/listers/skincare/skincare_ticker/master","enableCriteo":false,"rowCount":1,"editorError":false,"editorMessage":"","id":"fc94aa87-0e55-403e-9d53-49605e4e395c","fragments":[{"type":"boots/components/content/grid","order":["tickerbanner_copy_co"],"columnClassNames":{"tickerbanner_copy_co":"aem-GridColumn aem-GridColumn--default--12"},"gridClassNames":"aem-Grid aem-Grid--12 aem-Grid--default--12","fullWidth":false,"additionalMargins":false,"columnCount":12,"id":"e76caeb0-1c4b-401d-8ae4-4d7bd5aecd6b","fragments":[{"type":"boots/components/content/tickerbanner","mode":"large","imageSize":"30pcleft","imagePosition":"center","bodyCopy":"<p style=\"text-align: left;\"><b>Save up to 25%</b>&nbsp;on selected premium beauty, No7 &amp; makeup.<b>&nbsp;Hurry, don't miss this!</b></p>\r\n","textColor":"white","backgroundColor":"value red","buttonTextColor":"","buttonBackgroundColor":"","buttonBorderColor":"","buttonVariant":"white-primary","buttonFormat":"default","buttonTitle":"SHOP NOW","link":"https://www.boots.com/luxury-beauty-offers","linkOpenOption":"currentTab","fullComponentLink":false,"image":{"alt":null,"size":null,"src":"","crops":[],"srcTemplate":"","height":0,"width":0},"analytics":"Cat_Event-_-TKB|-3406740754|Main|1|1|-_-MixedBrands|E149_AEMTicker_Beauty_SUT25pc|2025-03-18T14:09:28Z","id":"e92d01ba-0e23-4b60-aec8-64cc4d85cfdf"}]}]}]},{"type":"boots/components/navigation/breadcrumb","items":[{"active":false,"url":"/ ","title":"Home"},{"active":false,"url":"/beauty","title":"Beauty & skincare"},{"active":false,"url":"/beauty/skincare","title":"Skincare"},{"active":true,"url":"/beauty/skincare/skincare-all-skincare","title":"shop all skincare "}],"id":"afa340b4-c1ec-4c6b-a651-6297e53c35d5"},{"type":"boots/components/content/grid","order":["lister"],"columnClassNames":{"lister":"aem-GridColumn aem-GridColumn--default--12"},"gridClassNames":"aem-Grid aem-Grid--12 aem-Grid--default--12","fullWidth":false,"additionalMargins":false,"columnCount":12,"id":"e4e9339e-6c20-4317-bd55-ca0b75b8b617","fragments":[{"type":"boots/components/content/lister","order":["content"],"storeID":"11352","listerType":"plp","childNavigation":{"enabled":false,"items":[],"navTitle":""},"categoryID":"2300180","categoryMap":[{"category":"beauty & skincare"},{"category":"skincare"},{"category":"all skincare"}],"categoryIDMap":[{"categoryID":"1595015"},{"categoryID":"2139186"},{"categoryID":"2300180"}],"searchMXAuthorEndpoint":"","brand":"none","outOfStockToggle":true,"heroFilter":"brand","heroFilterLimit":10,"heroFilterTitle":"Filter by brand","categoryCarousel":false,"inGridContent":{":items":{},":type":"boots/components/content/contentfragment",":itemsOrder":[],"elementsOrder":["tile1Position","tile1FragmentPath","tile2Position","tile2FragmentPath","tile3Position","tile3FragmentPath","tile4Position","tile4FragmentPath"],"elements":{"tile3Position":{":type":"long","dataType":"long","title":"Tile 3 Position","multiValue":false,"value":12},"tile1FragmentPath":{":items":{},":type":"boots/components/content/contentfragment",":itemsOrder":[],"elementsOrder":["backgroundColor","backgroundImage","backgroundAltText","backgroundImageLink","backgroundImageAnchor","keylineColour","showKeyline","backgroundImageAlignment","heading","headingColour","bodyText","bodyTextColour","bodyTextVerticalAlighment","ctaText","ctaTextColour","ctaButtonColour","ctaBorderColour","ctaButtonLink","placeholder","analyticsOwner","analyticsBrand","analyticsCampaign"],"elements":{"ctaButtonColour":{":type":"string","dataType":"string","title":"CTA Button Colour","multiValue":false,"value":"#05054B"},"analyticsOwner":{":type":"string","dataType":"string","title":"Analytics - Owner","multiValue":true,"value":["boots:analytics/owner/cat-beauty"]},"teaserAnalytics":"Cat_Beauty-_-646359226|In Grid Content|5|8-_-MixedBrands|P7b_Trending_Ingredients_IGC_2025|1970-01-01T00:00:00Z","backgroundColor":{":type":"string","dataType":"string","title":"Background Color","multiValue":false},"ctaButtonLink":{":type":"string","dataType":"string","title":"CTA Button Link","multiValue":false,"value":"https://www.boots.com/trending-list-two"},"showKeyline":{":type":"boolean","dataType":"boolean","title":"Show Keyline","multiValue":false,"value":false},"ctaText":{":type":"string","dataType":"string","title":"CTA Text","multiValue":false,"value":"SHOP NOW"},"keylineColour":{":type":"string","dataType":"string","title":"Keyline Colour","multiValue":false},"backgroundImageAlignment":{":type":"string","dataType":"string","title":"Background Image Alignment","multiValue":false},"heading":{":type":"text/html","dataType":"string","title":"Heading","multiValue":false,"value":"<p>Trending skincare ingredients</p>\n"},"backgroundImage":{":type":"string","dataType":"string","title":"Background Image","multiValue":false,"value":"https://assets.boots.com/content/dam/lister/in-grid-content/uk/in-grid-assets-uk/trending/images/P7b_Trending_Ingredients_IGC.jpg"},"backgroundAltText":{":type":"string","dataType":"string","title":"Background Alt Text","multiValue":false},"backgroundImageLink":{":type":"string","dataType":"string","title":"Background Image Link","multiValue":false},"ctaTextColour":{":type":"string","dataType":"string","title":"CTA Text Colour","multiValue":false,"value":"#FFFFFF"},"bodyTextColour":{":type":"string","dataType":"string","title":"Body Text Colour","multiValue":false,"value":"#333333"},"ctaBorderColour":{":type":"string","dataType":"string","title":"CTA Border Colour","multiValue":false},"headingColour":{":type":"string","dataType":"string","title":"Heading Colour","multiValue":false,"value":"#05054B"},"analyticsBrand":{":type":"string","dataType":"string","title":"Analytics - Brand Name","multiValue":true,"value":["boots:analytics/brand/mixedbrands"]},"bodyText":{":type":"text/html","dataType":"string","title":"Body Text","multiValue":false,"value":"<p>Explore the benefits of Heartleaf, Rice &amp; more 👀</p>\n"},"analyticsCampaign":{":type":"string","dataType":"string","title":"Analytics - Campaign","multiValue":false,"value":"P7b_Trending_Ingredients_IGC_2025"},"placeholder":{":type":"string","dataType":"string","title":"Teaser","multiValue":false},"bodyTextVerticalAlighment":{":type":"string","dataType":"string","title":"Body Text Vertical Alighment","multiValue":false},"backgroundImageAnchor":{":type":"string","dataType":"string","title":"Background Image Anchor","multiValue":false}},"description":"","model":"lister/models/lister-in-grid-content","childFragmentPath":"https://assets.boots.com/content/dam/lister/in-grid-content/uk/in-grid-assets-uk/trending/assets/2025/trending_ingredients_igc","title":"Trending_Ingredients_IGC","uuid":"114a0035-96f0-4076-93db-f1897939af77"},"tile2Position":{":type":"long","dataType":"long","title":"Tile 2 Position","multiValue":false,"value":4},"tile2FragmentPath":{":items":{},":type":"boots/components/content/contentfragment",":itemsOrder":[],"elementsOrder":["backgroundColor","backgroundImage","backgroundAltText","backgroundImageLink","backgroundImageAnchor","keylineColour","showKeyline","backgroundImageAlignment","heading","headingColour","bodyText","bodyTextColour","bodyTextVerticalAlighment","ctaText","ctaTextColour","ctaButtonColour","ctaBorderColour","ctaButtonLink","placeholder","analyticsOwner","analyticsBrand","analyticsCampaign"],"elements":{"ctaButtonColour":{":type":"string","dataType":"string","title":"CTA Button Colour","multiValue":false,"value":"#FFFFFF"},"analyticsOwner":{":type":"string","dataType":"string","title":"Analytics - Owner","multiValue":true,"value":["boots:analytics/owner/cat-premium"]},"teaserAnalytics":"Cat_Premium-_--2393259614|In Grid Content|5|4-_-sol-de-janeiro|7a_Premium_SDJ_Body_IGC|1970-01-01T00:00:00Z","backgroundColor":{":type":"string","dataType":"string","title":"Background Color","multiValue":false},"ctaButtonLink":{":type":"string","dataType":"string","title":"CTA Button Link","multiValue":false,"value":"https://www.boots.com/sitesearch?searchTerm=Sol+De+Janeiro+Delicia+Drench"},"showKeyline":{":type":"boolean","dataType":"boolean","title":"Show Keyline","multiValue":false,"value":false},"ctaText":{":type":"string","dataType":"string","title":"CTA Text","multiValue":false,"value":"SHOP NOW"},"keylineColour":{":type":"string","dataType":"string","title":"Keyline Colour","multiValue":false},"backgroundImageAlignment":{":type":"string","dataType":"string","title":"Background Image Alignment","multiValue":false},"heading":{":type":"text/html","dataType":"string","title":"Heading","multiValue":false,"value":"<p>Body care besties</p>\n"},"backgroundImage":{":type":"string","dataType":"string","title":"Background Image","multiValue":false,"value":"https://assets.boots.com/content/dam/lister/in-grid-content/uk/in-grid-assets-uk/beauty/assets/2024-2025/7a/premium/images/7a_Premium_SDJ_IGC.jpg"},"backgroundAltText":{":type":"string","dataType":"string","title":"Background Alt Text","multiValue":false},"backgroundImageLink":{":type":"string","dataType":"string","title":"Background Image Link","multiValue":false,"value":"https://www.boots.com/sitesearch?searchTerm=Sol+De+Janeiro+Delicia+Drench"},"ctaTextColour":{":type":"string","dataType":"string","title":"CTA Text Colour","multiValue":false,"value":"#333333"},"bodyTextColour":{":type":"string","dataType":"string","title":"Body Text Colour","multiValue":false,"value":"#FFFFFF"},"ctaBorderColour":{":type":"string","dataType":"string","title":"CTA Border Colour","multiValue":false,"value":"#FFFFFF"},"headingColour":{":type":"string","dataType":"string","title":"Heading Colour","multiValue":false,"value":"#FFFFFF"},"analyticsBrand":{":type":"string","dataType":"string","title":"Analytics - Brand Name","multiValue":true,"value":["boots:analytics/brand/sol-de-janeiro"]},"bodyText":{":type":"text/html","dataType":"string","title":"Body Text","multiValue":false,"value":"<p>Delicious alone, delícia together. Connect with you through every scoop &amp; swipe</p>\n"},"analyticsCampaign":{":type":"string","dataType":"string","title":"Analytics - Campaign","multiValue":false,"value":"7a_Premium_SDJ_Body_IGC"},"placeholder":{":type":"string","dataType":"string","title":"Teaser","multiValue":false},"bodyTextVerticalAlighment":{":type":"string","dataType":"string","title":"Body Text Vertical Alighment","multiValue":false},"backgroundImageAnchor":{":type":"string","dataType":"string","title":"Background Image Anchor","multiValue":false}},"description":"","model":"lister/models/lister-in-grid-content","childFragmentPath":"https://assets.boots.com/content/dam/lister/in-grid-content/uk/in-grid-assets-uk/beauty/assets/2024-2025/7a/premium/assets/7a_premium_sdj_body_igc","title":"7a_Premium_SDJ_Body_IGC","uuid":"5f1f23ff-97be-4c48-b827-eb56d3f6aac9"},"tile3FragmentPath":{":items":{},":type":"boots/components/content/contentfragment",":itemsOrder":[],"elementsOrder":["backgroundColor","backgroundImage","backgroundAltText","backgroundImageLink","backgroundImageAnchor","keylineColour","showKeyline","backgroundImageAlignment","heading","headingColour","bodyText","bodyTextColour","bodyTextVerticalAlighment","ctaText","ctaTextColour","ctaButtonColour","ctaBorderColour","ctaButtonLink","placeholder","analyticsOwner","analyticsBrand","analyticsCampaign"],"elements":{"ctaButtonColour":{":type":"string","dataType":"string","title":"CTA Button Colour","multiValue":false,"value":"#05054B"},"analyticsOwner":{":type":"string","dataType":"string","title":"Analytics - Owner","multiValue":true,"value":["boots:analytics/owner/cat-healthcare"]},"teaserAnalytics":"Cat_Healthcare-_--3979728435|In Grid Content|5|12-_-BootsHealthcare|8B_BeautyVits_IGC|1970-01-01T00:00:00Z","backgroundColor":{":type":"string","dataType":"string","title":"Background Color","multiValue":false},"ctaButtonLink":{":type":"string","dataType":"string","title":"CTA Button Link","multiValue":false,"value":"https://www.boots.com/health-pharmacy/vitaminsandsupplements/beautysupplements"},"showKeyline":{":type":"boolean","dataType":"boolean","title":"Show Keyline","multiValue":false,"value":false},"ctaText":{":type":"string","dataType":"string","title":"CTA Text","multiValue":false,"value":"SHOP NOW"},"keylineColour":{":type":"string","dataType":"string","title":"Keyline Colour","multiValue":false},"backgroundImageAlignment":{":type":"string","dataType":"string","title":"Background Image Alignment","multiValue":false,"value":"top center"},"heading":{":type":"text/html","dataType":"string","title":"Heading","multiValue":false,"value":"<p>Beauty vitamins</p>\n"},"backgroundImage":{":type":"string","dataType":"string","title":"Background Image","multiValue":false,"value":"https://assets.boots.com/content/dam/lister/in-grid-content/uk/in-grid-assets-uk/health/images/8b_2025/P8b_Health_vits_InGridContent.jpg"},"backgroundAltText":{":type":"string","dataType":"string","title":"Background Alt Text","multiValue":false},"backgroundImageLink":{":type":"string","dataType":"string","title":"Background Image Link","multiValue":false,"value":"https://www.boots.com/health-pharmacy/vitaminsandsupplements/beautysupplements"},"ctaTextColour":{":type":"string","dataType":"string","title":"CTA Text Colour","multiValue":false,"value":"#FFFFFF"},"bodyTextColour":{":type":"string","dataType":"string","title":"Body Text Colour","multiValue":false,"value":"#FFFFFF"},"ctaBorderColour":{":type":"string","dataType":"string","title":"CTA Border Colour","multiValue":false,"value":"#05054B"},"headingColour":{":type":"string","dataType":"string","title":"Heading Colour","multiValue":false,"value":"#FFFFFF"},"analyticsBrand":{":type":"string","dataType":"string","title":"Analytics - Brand Name","multiValue":true,"value":["boots:analytics/brand/bootshealthcare"]},"bodyText":{":type":"text/html","dataType":"string","title":"Body Text","multiValue":false,"value":"<p>Spring clean your routine &amp; start your day off right with our beauty supplements</p>\n"},"analyticsCampaign":{":type":"string","dataType":"string","title":"Analytics - Campaign","multiValue":false,"value":"8B_BeautyVits_IGC"},"placeholder":{":type":"string","dataType":"string","title":"Teaser","multiValue":false},"bodyTextVerticalAlighment":{":type":"string","dataType":"string","title":"Body Text Vertical Alighment","multiValue":false,"value":"bottom"},"backgroundImageAnchor":{":type":"string","dataType":"string","title":"Background Image Anchor","multiValue":false}},"description":"","model":"lister/models/lister-in-grid-content","childFragmentPath":"https://assets.boots.com/content/dam/lister/in-grid-content/uk/in-grid-assets-uk/health/assets/8b/8b_beautyvits","title":"8b_beautyvits","uuid":"2ba1e363-190f-4dcc-bf34-a5006a63558d"},"tile1Position":{":type":"long","dataType":"long","title":"Tile 1 Position","multiValue":false,"value":8},"tile4Position":{":type":"long","dataType":"long","title":"Tile 4 Position","multiValue":false,"value":4},"tile4FragmentPath":{":items":{},":type":"boots/components/content/contentfragment",":itemsOrder":[],"elementsOrder":["backgroundColor","backgroundImage","backgroundAltText","backgroundImageLink","backgroundImageAnchor","keylineColour","showKeyline","backgroundImageAlignment","heading","headingColour","bodyText","bodyTextColour","bodyTextVerticalAlighment","ctaText","ctaTextColour","ctaButtonColour","ctaBorderColour","ctaButtonLink","placeholder","analyticsOwner","analyticsBrand","analyticsCampaign"],"elements":{"ctaButtonColour":{":type":"string","dataType":"string","title":"CTA Button Colour","multiValue":false,"value":"#333333"},"analyticsOwner":{":type":"string","dataType":"string","title":"Analytics - Owner","multiValue":true,"value":["boots:analytics/owner/cat-premium"]},"teaserAnalytics":"Cat_Premium-_--2231642590|In Grid Content|5|4-_-sol-de-janeiro|8a_Premium_InGrid_SolDeJaneiro_BodySkincare_1000068411_BMG|1970-01-01T00:00:00Z","backgroundColor":{":type":"string","dataType":"string","title":"Background Color","multiValue":false},"ctaButtonLink":{":type":"string","dataType":"string","title":"CTA Button Link","multiValue":false,"value":"https://www.boots.com/sol-de-janeiro-body-cream"},"showKeyline":{":type":"boolean","dataType":"boolean","title":"Show Keyline","multiValue":false,"value":false},"ctaText":{":type":"string","dataType":"string","title":"CTA Text","multiValue":false,"value":"SHOP NOW"},"keylineColour":{":type":"string","dataType":"string","title":"Keyline Colour","multiValue":false},"backgroundImageAlignment":{":type":"string","dataType":"string","title":"Background Image Alignment","multiValue":false},"heading":{":type":"text/html","dataType":"string","title":"Heading","multiValue":false,"value":"<p>Body care besties</p>\n"},"backgroundImage":{":type":"string","dataType":"string","title":"Background Image","multiValue":false,"value":"https://assets.boots.com/content/dam/lister/in-grid-content/uk/in-grid-assets-uk/beauty/assets/2024-2025/8a/premium/images/8a_Premium_InGrid_SDJ_1000068411_BMG.jpg"},"backgroundAltText":{":type":"string","dataType":"string","title":"Background Alt Text","multiValue":false},"backgroundImageLink":{":type":"string","dataType":"string","title":"Background Image Link","multiValue":false,"value":"https://www.boots.com/sol-de-janeiro-body-cream"},"ctaTextColour":{":type":"string","dataType":"string","title":"CTA Text Colour","multiValue":false,"value":"#FFFFFF"},"bodyTextColour":{":type":"string","dataType":"string","title":"Body Text Colour","multiValue":false,"value":"#333333"},"ctaBorderColour":{":type":"string","dataType":"string","title":"CTA Border Colour","multiValue":false,"value":"#333333"},"headingColour":{":type":"string","dataType":"string","title":"Heading Colour","multiValue":false,"value":"#333333"},"analyticsBrand":{":type":"string","dataType":"string","title":"Analytics - Brand Name","multiValue":true,"value":["boots:analytics/brand/sol-de-janeiro"]},"bodyText":{":type":"text/html","dataType":"string","title":"Body Text","multiValue":false,"value":"<p>Discover Brazillian Bum Bum cream. Raising bum bums &amp; spirits since 2015<br>\n</p>\n"},"analyticsCampaign":{":type":"string","dataType":"string","title":"Analytics - Campaign","multiValue":false,"value":"8a_Premium_InGrid_SolDeJaneiro_BodySkincare_1000068411_BMG"},"placeholder":{":type":"string","dataType":"string","title":"Teaser","multiValue":false},"bodyTextVerticalAlighment":{":type":"string","dataType":"string","title":"Body Text Vertical Alighment","multiValue":false},"backgroundImageAnchor":{":type":"string","dataType":"string","title":"Background Image Anchor","multiValue":false}},"description":"","model":"lister/models/lister-in-grid-content","childFragmentPath":"https://assets.boots.com/content/dam/lister/in-grid-content/uk/in-grid-assets-uk/beauty/assets/2024-2025/8a/premium/assets/8a_premium_ingrid_sdj_1000068411_bmg","title":"8a_Premium_InGrid_SDJ_1000068411_BMG","uuid":"e2e3a300-0ee4-4db3-a7f9-956c35bec878"}},"description":"","model":"lister/models/in-grid-content-mapping","title":"Trending_Cherry_Trend_Mapping","uuid":"454bdbf5-b07e-45e3-8dff-1efb1a95d0a4"},"id":"30b1903f-42fe-4601-a0a0-693eda83be45","fragments":[{"type":"boots/components/content/grid","order":["heading","experiencefragment"],"columnClassNames":{"heading":"aem-GridColumn aem-GridColumn--default--12","experiencefragment":"aem-GridColumn aem-GridColumn--default--12"},"gridClassNames":"aem-Grid aem-Grid--12 aem-Grid--default--12","fullWidth":false,"additionalMargins":false,"columnCount":12,"id":"f3a4a6f9-c9d4-448d-94e0-0e5a99898d60","fragments":[{"type":"boots/components/content/heading","text":"shop all skincare ","secondaryText":"","textBackgroundColor":"","textColor":"","secondaryBackgroundColor":"","secondaryTextColor":"","hasViewMoreToggle":true,"id":"646f4103-4bd5-482a-b674-f063e63acfaf"},{"type":"boots/components/content/experiencefragment","order":["root"],"fragmentVariationPath":"/content/experience-fragments/boots/development/uk/components/clh/merch-filter-tool---skin-finder-tool/master","enableCriteo":false,"rowCount":1,"editorError":false,"editorMessage":"","id":"d3a99426-c172-417c-a05c-d568bce2f670","fragments":[{"type":"boots/components/content/grid","order":["htmlcontent"],"columnClassNames":{"htmlcontent":"aem-GridColumn aem-GridColumn--default--12"},"gridClassNames":"aem-Grid aem-Grid--12 aem-Grid--default--12","fullWidth":false,"additionalMargins":false,"columnCount":12,"id":"8f199e0f-7dc1-4a81-91d3-ebe192d60f7b","fragments":[{"type":"boots/components/content/htmlcontent","htmlContent":"<style>\r\n  #SkincareFinder-2024-container {\r\n    overflow-y: hidden;\r\n    font-family: \"Boots Sharp\", arial, helvetica, clean, sans-serif;\r\n    font-weight: 400;\r\n    --button-colour: #fff;\r\n    --button-invert: transparent;\r\n    --BG-colour: #9a6c52;\r\n    --BG-collapse-colour: #9a6c52;\r\n    --font-colour: #fff;\r\n    --font-colour-invert: #000;\r\n    --background-expanded-desktop: url(https://boots.scene7.com/is/image/Boots/p10b%5FSkinMerchTool%5F1440x520?scl=1&fmt=png-alpha);\r\n    --background-expanded-tablet: url(https://boots.scene7.com/is/image/Boots/p10b%5FSkinMerchTool%5F768X509?scl=1&fmt=png-alpha);\r\n    --background-expanded-mobile: url(https://boots.scene7.com/is/image/Boots/p10b%5FSkinMerchTool%5F425X555?scl=1&fmt=png-alpha);\r\n    --background-collapsed-desktop: url(https://boots.scene7.com/is/image/Boots/p10b%5FSkinMerchTool%5F1440x520?scl=1&fmt=png-alpha);\r\n    --background-collapsed-tablet: url(https://boots.scene7.com/is/image/Boots/p10b%5FSkinMerchTool%5F768X509?scl=1&fmt=png-alpha);\r\n    --background-collapsed-mobile: url(https://boots.scene7.com/is/image/Boots/p10b%5FSkinMerchTool%5F425X555?scl=1&fmt=png-alpha);\r\n    --collapsed-colour: #9a6c52;\r\n  }\r\n\r\n  #SkincareFinder-2024-container *:focus-visible {\r\n    outline: white !important;\r\n    outline-offset: 2px !important;\r\n    outline-style: solid !important;\r\n    outline-width: 2px !important;\r\n  }\r\n\r\n  #SkincareFinder-2024-container .GiftFinder-2024Logo {\r\n    display: flex;\r\n    justify-content: center;\r\n    align-items: center;\r\n  }\r\n\r\n  #SkincareFinder-2024-container .GiftFinder-2024Logo h2 {\r\n    font-size: 20px;\r\n    line-height: 26px;\r\n    width: 300px;\r\n    text-align: left;\r\n    color: var(--font-colour);\r\n  }\r\n\r\n  #SkincareFinder-2024-container .GiftFinder-expandable {\r\n    display: none;\r\n    cursor: pointer;\r\n  }\r\n  #SkincareFinder-2024-container #GiftFinder-2024 {\r\n    position: relative;\r\n    display: flex;\r\n    flex-direction: column;\r\n    align-items: center;\r\n    justify-content: center;\r\n    padding: 36px 0;\r\n    background: var(--background-expanded-desktop) no-repeat;\r\n    background-size: cover;\r\n    background-position: center;\r\n    width: 100%;\r\n    max-width: 100%;\r\n  }\r\n\r\n  #SkincareFinder-2024-container #GiftFinder-2024 .container {\r\n    display: flex;\r\n    flex-direction: column;\r\n    align-items: center;\r\n    background: var(--BG-colour);\r\n    padding: 25px 21px 30px;\r\n    color: var(--font-colour) !important;\r\n    border-radius: 20px;\r\n    height: 75%;\r\n    width: 666px;\r\n    max-width: 100%;\r\n    text-align: center;\r\n    z-index: 1;\r\n  }\r\n  #SkincareFinder-2024-container #GiftFinder-2024 .container button,\r\n  #SkincareFinder-2024-container #GiftFinder-2024 .container p {\r\n    color: var(--font-colour);\r\n  }\r\n  #SkincareFinder-2024-container #GiftFinder-2024 .container button {\r\n    transition: 0.3s;\r\n  }\r\n\r\n  #SkincareFinder-2024-container #GiftFinder-2024 .container .choice-section {\r\n    width: 100%;\r\n  }\r\n  #SkincareFinder-2024-container #GiftFinder-2024 .container .choice-section .choice-label {\r\n    margin-bottom: 10px;\r\n    font-size: 18px;\r\n  }\r\n  #SkincareFinder-2024-container #GiftFinder-2024 .container .choice-section select {\r\n    position: relative;\r\n    width: 443px;\r\n    height: 40px;\r\n    padding: 11px 30px 11px 11px;\r\n    background-color: var(--BG-colour);\r\n    border: 1px solid var(--font-colour);\r\n    border-radius: 5px;\r\n    color: #fff;\r\n    font-family: inherit;\r\n    text-transform: uppercase;\r\n    font-weight: 400;\r\n    -webkit-appearance: none;\r\n    -moz-appearance: none;\r\n    appearance: none;\r\n    background-image: url(\"data:image/svg+xml,%3Csvg width='11' height='6' viewBox='0 0 11 6' fill='none' xmlns='http://www.w3.org/2000/svg'%3E%3Cpath d='M5.68893 6L0.385025 0.75L10.9928 0.749999L5.68893 6Z' fill='white'/%3E%3C/svg%3E%0A\");\r\n    background-position: 98% center;\r\n    background-repeat: no-repeat;\r\n    margin-bottom: 29px;\r\n    cursor: pointer;\r\n  }\r\n  #SkincareFinder-2024-container #GiftFinder-2024 .container .choice-section select.selected,\r\n  #SkincareFinder-2024-container #GiftFinder-2024 .container .choice-section select:active,\r\n  #SkincareFinder-2024-container #GiftFinder-2024 .container .choice-section select:focus-visible {\r\n    background-color: var(--BG-colour);\r\n    background-image: url(\"data:image/svg+xml,%3Csvg width='11' height='6' viewBox='0 0 11 6' fill='none' xmlns='http://www.w3.org/2000/svg'%3E%3Cpath d='M5.68893 6L0.385025 0.75L10.9928 0.749999L5.68893 6Z' fill='white'/%3E%3C/svg%3E%0A\");\r\n    color: #fff !important;\r\n    border-color: var(--font-colour);\r\n  }\r\n  #SkincareFinder-2024-container #GiftFinder-2024 .container .choice-section .choices-container {\r\n    display: flex;\r\n    flex-direction: row;\r\n    justify-content: space-around;\r\n    flex-wrap: wrap;\r\n    width: 100%;\r\n  }\r\n  #SkincareFinder-2024-container #GiftFinder-2024 .container .choice-section .choices-container .mobile-separator {\r\n    display: none;\r\n  }\r\n\r\n  @media screen and (max-width: 840px) {\r\n    #SkincareFinder-2024-container #GiftFinder-2024 .container .choice-section .choices-container .mobile-separator {\r\n      display: block;\r\n      width: 100%;\r\n      flex-shrink: 0;\r\n    }\r\n  }\r\n  #SkincareFinder-2024-container #GiftFinder-2024 .container .choice-section .choices-container button.choice-button {\r\n    border: 1px solid var(--font-colour);\r\n    border-radius: 5px;\r\n    background: 0 0;\r\n    padding: 10px 12px;\r\n    text-transform: uppercase;\r\n    word-wrap: break-word;\r\n    cursor: pointer;\r\n    min-width: 80px;\r\n  }\r\n  #SkincareFinder-2024-container #GiftFinder-2024 .container .choice-section .choices-container button.choice-button.selected {\r\n    color: var(--font-colour-invert);\r\n    background-color: var(--button-colour);\r\n  }\r\n  #SkincareFinder-2024-container #GiftFinder-2024 .container .choice-section .choices-container button.choice-button:not(.selected):hover {\r\n    background: var(--button-colour);\r\n    color: var(--font-colour-invert);\r\n  }\r\n  #SkincareFinder-2024-container #GiftFinder-2024 .container a#find-my-gift {\r\n    font-size: 14px;\r\n    width: 170px;\r\n    margin-top: 36px;\r\n    background: var(--button-colour);\r\n    color: var(--font-colour-invert);\r\n    border: 1px solid var(--button-colour);\r\n    border-radius: 5px;\r\n    padding: 10px 14px;\r\n    text-transform: uppercase;\r\n    cursor: pointer;\r\n    text-decoration: none;\r\n  }\r\n  #SkincareFinder-2024-container #GiftFinder-2024 .container a#find-my-gift:hover {\r\n    background: var(--button-invert);\r\n    color: var(--button-colour);\r\n  }\r\n\r\n  @media screen and (max-width: 850px) {\r\n    #SkincareFinder-2024-container #GiftFinder-2024 {\r\n      background: var(--background-expanded-tablet) no-repeat;\r\n      background-size: cover;\r\n    }\r\n\r\n    #SkincareFinder-2024-container #GiftFinder-2024 .container .choice-section .choices-container {\r\n      justify-content: center;\r\n      flex-wrap: wrap;\r\n    }\r\n    #SkincareFinder-2024-container #GiftFinder-2024 {\r\n      padding: 28px 0 27px;\r\n    }\r\n    #SkincareFinder-2024-container #GiftFinder-2024 .container {\r\n      padding-left: 0;\r\n      padding-right: 0;\r\n    }\r\n\r\n    #SkincareFinder-2024-container #GiftFinder-2024 .container .choice-section select {\r\n      width: 276px;\r\n      margin-bottom: 8px;\r\n    }\r\n    #SkincareFinder-2024-container #GiftFinder-2024 .container .choice-section .choices-container .choice-button {\r\n      width: 133px;\r\n      margin: 4px 7px;\r\n    }\r\n  }\r\n  #SkincareFinder-2024-container.collapsed {\r\n    height: 174px;\r\n    position: relative;\r\n  }\r\n  #SkincareFinder-2024-container.collapsed #GiftFinder-2024 {\r\n    display: none;\r\n    background: 0 0;\r\n  }\r\n  #SkincareFinder-2024-container.collapsed .GiftFinder-expandable {\r\n    display: block;\r\n    position: absolute;\r\n    inset: 0;\r\n    overflow-x: hidden;\r\n    overflow-y: hidden;\r\n    cursor: pointer;\r\n  }\r\n  #SkincareFinder-2024-container.collapsed .GiftFinder-expandable .GiftFinder-background {\r\n    background: var(--background-collapsed-tablet) no-repeat;\r\n    background-size: cover;\r\n    height: 200px;\r\n    display: flex;\r\n    align-items: center;\r\n  }\r\n  #SkincareFinder-2024-container.collapsed .GiftFinder-expandable .expandable-container {\r\n    background: var(--collapsed-colour);\r\n    height: 151px;\r\n    width: 75%;\r\n    border-top-left-radius: 20px;\r\n    border-top-right-radius: 20px;\r\n    display: flex;\r\n    flex-direction: row;\r\n    align-items: center;\r\n    justify-content: center;\r\n    gap: 7%;\r\n    padding: 0 40px;\r\n    z-index: 1;\r\n    margin: 0 auto;\r\n  }\r\n\r\n  #SkincareFinder-2024-container.collapsed .GiftFinder-expandable .expandable-container .expandable-text {\r\n    display: flex;\r\n    flex-direction: column;\r\n    color: var(--font-colour);\r\n    font-size: 1.125rem;\r\n    text-align: center;\r\n  }\r\n  #SkincareFinder-2024-container.collapsed .GiftFinder-expandable .expandable-container .expandable-text p {\r\n    margin: 0;\r\n    padding: 0 10px;\r\n  }\r\n  #SkincareFinder-2024-container.collapsed .GiftFinder-expandable .expandable-container .expandable-text .expandable-title {\r\n    font-size: 1.625rem;\r\n    line-height: 2rem;\r\n    margin-bottom: 5px;\r\n  }\r\n  #SkincareFinder-2024-container.collapsed .GiftFinder-expandable .plus {\r\n    width: 44px;\r\n    height: 44px;\r\n    background: var(--button-colour);\r\n    border-radius: 50%;\r\n  }\r\n\r\n  #SkincareFinder-2024-container.collapsed .GiftFinder-expandable .plus:before {\r\n    content: \"+\";\r\n    height: 44px;\r\n    width: 44px;\r\n    font-size: 44px;\r\n    display: flex;\r\n    flex-direction: row;\r\n    align-items: center;\r\n    justify-content: center;\r\n    font-weight: 100;\r\n    font-family: \"Boots Sharp\", arial, helvetica, clean, sans-serif;\r\n    color: var(--BG-collapse-colour);\r\n  }\r\n\r\n  @media screen and (max-width: 720px) {\r\n    #SkincareFinder-2024-container #GiftFinder-2024 .container .choice-section .choice-label {\r\n      margin-top: 12px;\r\n      margin-bottom: 12px;\r\n    }\r\n  }\r\n\r\n  @media screen and (max-width: 900px) {\r\n    #SkincareFinder-2024-container.collapsed .GiftFinder-expandable .expandable-container {\r\n      padding: 0 40px;\r\n      width: unset;\r\n      flex-direction: column;\r\n      gap: 20px;\r\n      height: 170px;\r\n    }\r\n    #SkincareFinder-2024-container.collapsed .GiftFinder-expandable .expandable-img {\r\n      display: none;\r\n    }\r\n  }\r\n\r\n  @media screen and (max-width: 720px) {\r\n    #SkincareFinder-2024-container.collapsed {\r\n      height: 185px;\r\n    }\r\n  }\r\n\r\n  @media screen and (max-width: 575px) {\r\n    #SkincareFinder-2024-container #GiftFinder-2024 {\r\n      background: var(--background-expanded-mobile) no-repeat;\r\n      background-size: cover;\r\n    }\r\n\r\n    #SkincareFinder-2024-container.collapsed .GiftFinder-expandable .GiftFinder-background {\r\n      background: var(--background-collapsed-mobile) no-repeat;\r\n      background-size: cover;\r\n    }\r\n\r\n    #SkincareFinder-2024-container #GiftFinder-2024 .container {\r\n      width: 100% !important;\r\n    }\r\n    #SkincareFinder-2024-container #GiftFinder-2024 .container a#find-my-gift {\r\n      margin-top: 20px;\r\n    }\r\n    #SkincareFinder-2024-container .GiftFinder-2024Logo {\r\n      flex-flow: column;\r\n    }\r\n\r\n    #SkincareFinder-2024-container .GiftFinder-2024Logo h2 {\r\n      flex-flow: column;\r\n      text-align: center;\r\n    }\r\n  }\r\n  @media screen and (max-width: 500px) {\r\n    #SkincareFinder-2024-container #GiftFinder-2024 {\r\n      height: 800px;\r\n    }\r\n    #SkincareFinder-2024-container #GiftFinder-2024 .container .choice-section .choices-container .choice-button:last-child {\r\n      width: 276px;\r\n    }\r\n\r\n    #SkincareFinder-2024-container.collapsed .GiftFinder-expandable .expandable-container {\r\n      background-size: cover;\r\n      padding: 0 20px;\r\n    }\r\n\r\n    #SkincareFinder-2024-container.collapsed .GiftFinder-expandable .expandable-container .expandable-text {\r\n      font-size: 16px;\r\n    }\r\n  }\r\n\r\n  @media screen and (max-width: 365px) {\r\n    #SkincareFinder-2024-container.collapsed .GiftFinder-expandable .expandable-container {\r\n      padding: 0px;\r\n    }\r\n  }\r\n</style>\r\n\r\n<!-- class=\"collapsed\" -->\r\n\r\n<div id=\"SkincareFinder-2024-container\" aria-label=\"Gift finder\">\r\n  <div id=\"GiftFinder-2024\" class=\"oct-aem-text\">\r\n    <div class=\"container\">\r\n      <div class=\"GiftFinder-2024Logo\">\r\n        <h2>Discover your skincare saviours</h2>\r\n      </div>\r\n      <div class=\"choice-section\">\r\n        <p class=\"choice-label\" id=\"concern-label\">What are you looking for?</p>\r\n        <select name=\"concern\" id=\"concern\" class=\"choice-select\" aria-labelledby=\"concern-label\">\r\n          <option value=\"moisturiser\">Moisturiser</option>\r\n          <option value=\"serum\">Serum</option>\r\n          <option value=\"cleanser\">Cleanser</option>\r\n          <option value=\"face+mask\">Face mask</option>\r\n          <option value=\"body+lotion\">Body lotion</option>\r\n          <option value=\"eye+cream\">Eye cream</option>\r\n          <option value=\"night+cream\">Night cream</option>\r\n          <option value=\"day+cream\">Day cream</option>\r\n          <option value=\"toner\">Toner</option>\r\n          <option value=\"face+wash\">Face wash</option>\r\n          <option value=\"exfoliator\">Exfoliator</option>\r\n        </select>\r\n      </div>\r\n      <div class=\"choice-section\">\r\n        <p class=\"choice-label\" id=\"budget-label\">What's your budget?</p>\r\n        <div class=\"choices-container\" role=\"group\" id=\"budget\" aria-labelledby=\"budget-label\">\r\n          <button class=\"choice-button\" aria-pressed=\"false\" data-budget=\"<%3D5\">£5 & under</button>\r\n          <button class=\"choice-button\" aria-pressed=\"false\" data-budget=\"<%3D10\">£10 & under</button>\r\n          <div class=\"mobile-separator\" aria-hidden=\"true\"></div>\r\n          <button class=\"choice-button\" aria-pressed=\"false\" data-budget=\"<%3D20\">£20 & under</button>\r\n          <button class=\"choice-button\" aria-pressed=\"false\" data-budget=\"<%3D30\">£30 & under</button>\r\n          <button class=\"choice-button\" aria-pressed=\"false\" data-budget=\">%3D30\">£30+</button>\r\n        </div>\r\n      </div>\r\n      <a\r\n        id=\"find-my-gift\"\r\n        href=\"#\"\r\n        role=\"button\"\r\n        data-promo-id=\"\"\r\n        data-promo-name=\"SkincareFinder\"\r\n        data-promo-creative=\"\"\r\n        data-promo-position=\"Main|1|1\"\r\n        >View my results</a\r\n      >\r\n    </div>\r\n  </div>\r\n  <div class=\"GiftFinder-expandable\" aria-hidden=\"true\">\r\n    <div class=\"GiftFinder-background\">\r\n      <div class=\"expandable-container\">\r\n        <div class=\"expandable-text\">\r\n          <p class=\"expandable-title\">Gift finder</p>\r\n          <p>Find beloved bestsellers & never-before-seen staples with our Gift Finder!</p>\r\n        </div>\r\n        <div role=\"button\" aria-label=\"Open Gift Finder\" class=\"plus\" tabindex=\"0\"></div>\r\n      </div>\r\n    </div>\r\n  </div>\r\n</div>\r\n","scriptContent":"(function () {\r\n  const giftFinder = document.querySelector(\"#SkincareFinder-2024-container\");\r\n  const finderURLParams = { budget: \"\", concern: \"\" };\r\n\r\n  const concernSelect = document.getElementById(\"concern\");\r\n  concernSelect.addEventListener(\"change\", () => {\r\n    selectedConcern();\r\n  });\r\n\r\n  const budgetButtons = giftFinder.querySelectorAll(\".choice-button\");\r\n  [...budgetButtons].forEach((button) => {\r\n    button.addEventListener(\"click\", () => {\r\n      selectBudget(button);\r\n    });\r\n  });\r\n\r\n  const generateRandomId = () => {\r\n    return Math.floor(100000000000 + Math.random() * 900000000000).toString();\r\n  };\r\n\r\n  const selectBudget = (selected) => {\r\n    const prevBudget = finderURLParams.budget;\r\n    [...budgetButtons].forEach((b) => {\r\n      b.classList.remove(\"selected\");\r\n      b.ariaPressed = false;\r\n    });\r\n    if (!selected) return;\r\n    selected.classList.add(\"selected\");\r\n    selected.ariaPressed = true;\r\n    if (selected.dataset.budget) {\r\n      finderURLParams.budget = selected.dataset.budget;\r\n    } else {\r\n      finderURLParams.budget = \"\";\r\n    }\r\n  };\r\n\r\n  const generateFinderURL = () => {\r\n    let budgetCriteria = finderURLParams.budget ? \"&criteria.currentPrice=\" + finderURLParams.budget : \"\";\r\n\r\n    let concernCriteria =\r\n      finderURLParams.concern === \"all\" || finderURLParams.concern === \"\" ? \"\" : \"&criteria.product_type=\" + finderURLParams.concern;\r\n\r\n    let getParams = \"\";\r\n\r\n    if (budgetCriteria) getParams += budgetCriteria;\r\n    if (concernCriteria) getParams += concernCriteria;\r\n\r\n    const giftFinderUrl = \"/beauty/skincare/skincare-all-skincare?\";\r\n\r\n    return giftFinderUrl + getParams;\r\n  };\r\n\r\n  const cleanString = (str) => {\r\n    return str\r\n      .replace(/[+~]+/g, \"-\")\r\n      .replace(/%3D/g, \"\")\r\n      .replace(/-/g, \"-\")\r\n      .toLowerCase()\r\n      .replace(/\\b\\w/g, (l) => l.toUpperCase());\r\n  };\r\n\r\n  const updatePromoData = () => {\r\n    const concern = cleanString(concernSelect.value);\r\n    const budget = cleanString(finderURLParams.budget || \"\");\r\n\r\n    const promoId = Math.floor(Math.random() * 1000000000000);\r\n    const promoData = `${concern}-${budget}`;\r\n\r\n    const findMyGiftLink = document.querySelector(\"#find-my-gift\");\r\n    findMyGiftLink.setAttribute(\"data-promo-id\", promoId);\r\n    findMyGiftLink.setAttribute(\"data-promo-name\", \"SkinCareFinder\");\r\n    findMyGiftLink.setAttribute(\"data-promo-creative\", \"Cat_GiftFinder|W999|#|2024-10-16\");\r\n    findMyGiftLink.setAttribute(\"data-promo-position\", \"Main|1|1\");\r\n    findMyGiftLink.setAttribute(\"data-promo-data\", promoData);\r\n\r\n    // console.log(\"Promo ID:\", promoId);\r\n    // console.log(\"Promo Data:\", promoData);\r\n  };\r\n\r\n  document.querySelector(\"#find-my-gift\").addEventListener(\"click\", (event) => {\r\n    const concernCleaned = cleanString(concernSelect.value);\r\n    const budgetCleaned = cleanString(finderURLParams.budget || \"\");\r\n\r\n    window.dataLayer = window.dataLayer || [];\r\n    window.dataLayer.push({\r\n      event: \"plp_filter\",\r\n      facetPlacement: \"banner_selector\",\r\n      page: {\r\n        sortOption: \"mostRelevant\",\r\n        listFormat: \"grid\",\r\n        pageNumber: \"1\",\r\n        facetsApplied: \"concern|budget\",\r\n        facetValuesSelected: `${concernCleaned}|${budgetCleaned}`,\r\n      },\r\n    });\r\n\r\n    // Generate URL and update promo data\r\n    const giftFinderUrl = generateFinderURL();\r\n    const findMyGiftLink = document.querySelector(\"#find-my-gift\");\r\n    findMyGiftLink.href = giftFinderUrl;\r\n\r\n    updatePromoData();\r\n  });\r\n\r\n  const selectedConcern = () => {\r\n    concernSelect.classList.add(\"selected\");\r\n    [...concernSelect.querySelectorAll(\".removable\")].forEach((rm) => rm.remove());\r\n    finderURLParams.concern = concernSelect.value;\r\n  };\r\n\r\n  const giftFinderExpandable = document.querySelector(\".GiftFinder-expandable\");\r\n\r\n  const expandGiftFinder = () => {\r\n    giftFinder.classList.remove(\"collapsed\");\r\n  };\r\n\r\n  giftFinderExpandable.addEventListener(\"click\", expandGiftFinder);\r\n\r\n  giftFinderExpandable.addEventListener(\"keydown\", (event) => {\r\n    if (event.key === \"Enter\" || event.key === \" \") {\r\n      event.preventDefault();\r\n      expandGiftFinder();\r\n    }\r\n  });\r\n\r\n  const getParams = () => {\r\n    let params = {};\r\n    const searchParams = new URLSearchParams(window.location.search);\r\n    searchParams.forEach((value, key) => {\r\n      params[key] = value;\r\n    });\r\n    return params;\r\n  };\r\n\r\n  const fillForm = (refresh = false) => {\r\n    const params = getParams();\r\n\r\n    if ((params[\"criteria.currentPrice\"] || params[\"criteria.product_type\"]) && !refresh) {\r\n      giftFinder.classList.add(\"collapsed\");\r\n    } else {\r\n      concernSelect.value = \"all\";\r\n    }\r\n\r\n    if (params[\"criteria.currentPrice\"] && [...budgetButtons].map((b) => b.dataset.budget).includes(params[\"criteria.currentPrice\"])) {\r\n      selectBudget(giftFinder.querySelector(`[data-budget=\"${params[\"criteria.currentPrice\"]}\"]`));\r\n      finderURLParams.budget = params[\"criteria.currentPrice\"];\r\n    } else {\r\n      selectBudget();\r\n    }\r\n\r\n    generateFinderURL();\r\n  };\r\n\r\n  fillForm();\r\n\r\n  const config = { attributes: true, childList: true };\r\n  const filtersCallback = (mutationsList) => {\r\n    fillForm(true);\r\n  };\r\n\r\n  const filtersInterval = setInterval(() => {\r\n    if (document.querySelectorAll(\".oct-listers-hits\")[0]) {\r\n      clearTimeout(filtersInterval);\r\n      const appliedFilters = document.querySelectorAll(\".oct-listers-hits\")[0];\r\n      var observer = new MutationObserver(filtersCallback);\r\n      observer.observe(appliedFilters, config);\r\n    }\r\n  }, 500);\r\n\r\n  const checkSize = () => {\r\n    let vw = Math.max(document.documentElement.clientWidth, window.innerWidth || 0);\r\n    if (vw < 575) {\r\n      giftFinder.classList.add(\"collapsed\");\r\n    }\r\n  };\r\n  checkSize();\r\n})();\r\n","id":"472fdac1-f691-4171-8b18-bffb06d05615"}]}]}]}]}]}]}],"searchConfig":{"useSearchFacadeMx":true,"endpoint":"/online/api/search/v2/multiple-query/uk","favoritesMXEndpoint":"/retail/api/favourite/v1/wcs","key":"9c5ed6f8b3d1ec6191ae260ae7daac"},"adsConfig":{"enabled":true,"adsMxUrl":"/retail/api/ads/v1/uk","apiKey":"9c5ed6f8b3d1ec6191ae260ae7daac","country":"uk"},"isStaging":false,"marketplaceEnabled":false,"isPAEnabled":true,"breadcrumbs":["Home","Beauty & skincare","Skincare","shop all skincare "]};</script><script>__CMS__VERSION = "14.8.0";</script><script id="__LOADABLE_REQUIRED_CHUNKS__" type="application/json">[]</script><script id="__LOADABLE_REQUIRED_CHUNKS___ext" type="application/json">{"namedChunks":[]}</script>
<script async="" data-chunk="main" src="/assets/runtime-bundle-a5b105fc.js"></script>
<script async="" data-chunk="main" src="/assets/vendor-bundle-fa7a14cf.js"></script>
<script async="" data-chunk="main" src="/assets/main-bundle-3a883125.js"></script>  <div class="dijitDialog" role="dialog" aria-labelledby="shoppingListItemAddedPopup_title" lang="en" id="shoppingListItemAddedPopup" style="display: none; position: absolute;" widgetid="shoppingListItemAddedPopup">
	<div data-dojo-attach-point="titleBar" class="dijitDialogTitleBar" title="This item has been successfully added to your list.">
		<span data-dojo-attach-point="titleNode" class="dijitDialogTitle" id="shoppingListItemAddedPopup_title" role="heading" level="1">This item has been successfully added to your list.</span>
		<span data-dojo-attach-point="closeButtonNode" class="dijitDialogCloseIcon" data-dojo-attach-event="ondijitclick: onCancel" title="Cancel" role="button" tabindex="0">
			<span data-dojo-attach-point="closeText" class="closeText" title="Cancel">x</span>
		</span>
	</div>
	<div data-dojo-attach-point="containerNode" class="dijitDialogPaneContent"> <div class="favourite_selectedOverlay">  <div class="header"> <span>This item has been successfully added to your list.</span> <a class="close-btn" href="#" onclick="ShoppingListDialogJS.close()" title="Close overlay">x</a> <div class="clear_float"></div> </div>  <div class="clear_float"></div> </div> </div>
</div><div class="dijitDialog" role="dialog" aria-labelledby="progress_bar_dialog_title" lang="en" id="progress_bar_dialog" style="display: none; position: absolute;" widgetid="progress_bar_dialog">
	<div data-dojo-attach-point="titleBar" class="dijitDialogTitleBar">
		<span data-dojo-attach-point="titleNode" class="dijitDialogTitle" id="progress_bar_dialog_title" role="heading" level="1"></span>
		<span data-dojo-attach-point="closeButtonNode" class="dijitDialogCloseIcon" data-dojo-attach-event="ondijitclick: onCancel" title="Cancel" role="button" tabindex="0">
			<span data-dojo-attach-point="closeText" class="closeText" title="Cancel">x</span>
		</span>
	</div>
	<div data-dojo-attach-point="containerNode" class="dijitDialogPaneContent"> <div id="progress_bar"> <div id="loading_popup"> <img src="/wcsstore/eBootsStorefrontAssetStore//images/boots/boots_loader_spinner.gif" width="32" height="32" border="0" alt="Your request is being processed."> </div> </div> </div>
</div><div class="dijitDialog estores_session_timeout_overlay_wrapper" role="dialog" aria-labelledby="inactivityWarningPopup_title" lang="en" id="inactivityWarningPopup" style="display: none; position: absolute;" widgetid="inactivityWarningPopup">
	<div data-dojo-attach-point="titleBar" class="dijitDialogTitleBar" title="Inactivity Warning Dialog">
		<span data-dojo-attach-point="titleNode" class="dijitDialogTitle" id="inactivityWarningPopup_title" role="heading" level="1">Inactivity Warning Dialog</span>
		<span data-dojo-attach-point="closeButtonNode" class="dijitDialogCloseIcon" data-dojo-attach-event="ondijitclick: onCancel" title="Cancel" role="button" tabindex="0">
			<span data-dojo-attach-point="closeText" class="closeText" title="Cancel">x</span>
		</span>
	</div>
	<div data-dojo-attach-point="containerNode" class="dijitDialogPaneContent"> <div id="overlay"></div> <div class="widget_site_popup estores_session_timeout_overlay"> <a title="Close overlay" id="inactivityWarningPopup_close" onclick="hideInactivityWarningDialog(),dojo.byId(&quot;overlay&quot;).hide(),null!=dialogTimeoutTracker&amp;&amp;clearTimeout(dialogTimeoutTracker)" href="javascript:void(0);" class="close-btn">x</a> <div class="content"> <div class="clear_float"></div> <div id="inactivityWarningPopup_body" class="body"> <div class="message_text"> Your session is about to timeout due to inactivity. Click OK to extend your time for an additional 20 minutes. </div> <div class="clear_float"></div> </div> <div class="footer"> <div class="button_container"> <a role="button" aria-labelledby="inactivityWarningPopupOK_Label" id="inactivityWarningPopupOK" href="javascript:void(0);" onclick="hideInactivityWarningDialogAfterResetInactivity(),null!=dialogTimeoutTracker&amp;&amp;clearTimeout(dialogTimeoutTracker),resetServerInactivity()" class="button primary"> <div class="left_border"></div> <div id="inactivityWarningPopupOK_Label" class="button_text">OK</div> <div class="right_border"></div> </a> </div> </div> </div> </div> </div>
</div></body></html>